4442 5769
977 560 1125 633 274
1987 558 2796 634 CHARTULARIUM

972 719 1295 808 versitati
1330 749 1584 810 vestrae
1615 732 1924 838 dignum
1959 730 2308 808 duximus
2343 728 2685 808 intimare
2718 729 3292 809 controversiam
3321 729 3519 807 inter
3548 731 3818 814 U.⁵,ab·

965 860 1215 939 batem
1268 880 1344 940 et
1397 862 1808 941 monachos
1862 861 2391 942 Bellilocenses
2443 891 2528 939 ex
2583 890 2732 938 una
2778 879 3020 968 parte,
3077 876 3149 938 et
3196 859 3666 942 Willelmum
3719 864 3814 940 de

966 992 1491 1069 Martemniac⁶
1539 993 1895 1071 vicarium
1948 1022 2030 1071 ex
2083 991 2310 1070 altera
2365 1009 2607 1099 parte,
2661 1018 2885 1098 super
2932 990 3246 1069 formam
3295 991 3624 1068 vicariae⁷
3680 993 3812 1070 diu

965 1122 1388 1201 ventilatam
1427 1152 1513 1200 ex
1547 1142 1860 1230 utraque
1889 1141 2128 1232 parte,
2160 1152 2201 1199 a
2232 1121 2449 1200 nobis
2477 1122 2730 1200 electis
2762 1121 2856 1198 de
2889 1149 3253 1199 consensu
3287 1121 3615 1228 ipsarum
3643 1151 3811 1230 par-

962 1253 1156 1329 tium
1206 1254 1695 1333 amicabiliter
1741 1255 1818 1331 in
1865 1256 2067 1333 hunc
2104 1254 2416 1332 modum
2469 1252 2697 1331 fuisse
2742 1253 3077 1360 sopitam.
3120 1252 3459 1333 vicarius
3505 1254 3808 1360 accipiat

964 1382 1486 1492 fidejussiones
1544 1387 1637 1464 de
1690 1379 2043 1465 omnibus
2099 1385 2300 1463 falsis
2345 1384 2807 1493 ponderibus
2860 1402 2935 1463 et
2988 1384 3389 1476 mensuris,
3443 1402 3517 1460 et
3572 1388 3811 1493 virga⁸

960 1543 1377 1620 pannorum
1396 1525 1425 1606 ,'
1446 1535 1522 1594 et
1557 1517 1777 1595 furtis
1803 1518 1998 1608 aliis,
2033 1515 2356 1623 exceptis
2385 1513 2529 1593 iilis
2559 1544 2723 1621 quae
2759 1513 2943 1593 fient
2972 1544 3009 1591 a
3037 1513 3626 1604 molendinariis,
3655 1515 3810 1594 sur-

959 1646 1181 1723 nariis
1213 1665 1288 1724 et
1317 1666 1641 1753 quatuor
1667 1648 1989 1726 dominis
2025 1645 2663 1755 operatoriorum⁹
2694 1677 2712 1722 t
2746 1647 2822 1725 S.
2845 1648 2932 1725 B.
2964 1646 3060 1724 de
3091 1645 3356 1725 Meliac
3386 1664 3460 1723 et
3488 1648 3808 1726 Boman-

961 1776 1166 1883 cip¹⁰‚
1204 1794 1280 1855 et
1308 1778 1488 1856 item
1515 1779 1917 1887 Bomancip
1947 1797 2021 1857 et
2053 1777 2431 1887 Stephano
2464 1776 2559 1854 de
2597 1777 3009 1867 Carennac‚
3044 1793 3119 1855 et
3147 1805 3188 1854 a
3224 1776 3805 1856 conductoribus

957 1907 1373 1987 tabularum
1416 1912 1491 1987 in
1530 1911 1806 2020 quibus
1844 1911 2276 1988 venduntur
2310 1937 2538 2017 panes
2580 1925 2653 1985 et
2690 1937 2970 1987 carnes.
3011 1910 3098 1984 Iu
3135 1908 3317 2014 ipsis
3353 1926 3603 1987 tamen
3641 1939 3802 1987 mo-

954 2039 1276 2118 lendinis
1326 2059 1400 2119 et
1436 2041 1671 2119 furnis
1722 2060 1795 2118 et
1846 2041 2288 2149 operatoriis
2334 2058 2408 2117 et
2460 2038 2762 2130 tabulis,
2817 2039 3013 2117 salvo
3051 2039 3224 2145 jure
3274 2041 3556 2130 vicarii,
3612 2043 3670 2117 si
3721 2044 3798 2119 in

950 2171 1468 2278 praejudicium
1509 2173 1745 2279 ipsius
1785 2173 1859 2249 in
1900 2171 2339 2279 operatoriis
2365 2169 2481 2247 vel
2525 2168 2800 2247 tabulis
2841 2169 3102 2277 plateae
3148 2169 3431 2276 aliquid
3482 2170 3801 2248 aedifica-

949 2316 1113 2378 tum
1165 2319 1307 2390 est,
1359 2320 1433 2380 et
1473 2303 1796 2409 exceptis
1844 2301 1991 2379 illis
2041 2301 2259 2379 furtis
2308 2300 2500 2378 infra
2543 2300 2906 2378 clausulas
2947 2298 3485 2380 monachorum
3537 2330 3799 2408 perpe-

947 2432 1152 2508 tratis
1193 2451 1268 2509 et
1301 2461 1465 2540 quae
1501 2431 1689 2510 fient
1715 2463 1753 2508 a
1783 2432 2079 2510 famulis
2118 2431 2688 2509 monachorum.
2723 2435 2909 2511 Item
2956 2433 3033 2509 in
3074 2432 3196 2509 die
3232 2433 3571 2520 mercati,
3616 2434 3798 2511 fide-

936 2560 1316 2667 jussiones
1355 2563 1449 2640 de
1497 2561 1847 2640 omnibus
1893 2591 2057 2670 quae
2103 2562 2199 2639 ad
2249 2580 2657 2639 mercatum
2693 2562 3109 2669 pertinent,
3163 2565 3312 2642 sive
3362 2563 3620 2640 eadem
3671 2565 3794 2642 die

947 2691 1097 2770 sive
1138 2692 1280 2769 alia
1338 2693 1650 2800 quaestio
1710 2711 2066 2801 emergat,
2110 2721 2272 2800 quae
2321 2712 2570 2771 tamen
2623 2722 2662 2769 a
2706 2693 2829 2770 die
2882 2694 3184 2770 mercati
3243 2694 3608 2799 originem
3649 2712 3796 2772 tra-

948 2823 1095 2901 hat.
1132 2826 1321 2903 Item
1359 2823 1879 2933 fidejussiones
1902 2832 1950 2873 ¹¹
1995 2825 2312 2932 accipiat·
2338 2824 2433 2902 de
2474 2823 2819 2904 omnibus
2857 2795 3387 2933 quaestionibus
3427 2825 3588 2903 ad¹²
3619 2825 3795 2904 bor-

946 2955 1184 3033 darias
1245 2955 1719 3035 abbatialesss
1773 2955 2353 3063 pertinentibus,
2418 2972 2492 3031 et
2560 2955 2653 3032 de
2713 2954 3058 3033 omnibus
3124 2956 3655 3063 quaestionibus
3713 2957 3790 3033 in

943 3087 1328 3164 carreirast
1366 3088 1611 3166 vicarii
1658 3086 2240 3195 emergentibuS,
2281 3087 2602 3193 exceptis
2639 3086 2928 3194 injuriis
2967 3088 3043 3162 in
3087 3087 3196 3163 via
3231 3086 3531 3194 puplico
3575 3085 3784 3193 [sic]‚

941 3235 1139 3296 extra
1180 3219 1476 3325 domos,
1513 3238 1588 3298 et
1624 3219 1767 3296 sub
1806 3220 2122 3327 grundia
2162 3218 2564 3297 domorum
2605 3218 3072 3324 perpetratis,
3111 3246 3292 3325 quas
3329 3218 3790 3324 quicumque

937 3378 1074 3456 pro
1115 3349 1379 3427 abbate
1419 3351 1727 3456 accipiat
1760 3380 1779 3424 t
1815 3351 2124 3427 vicarius
2160 3367 2411 3426 tamen
2430 3355 2482 3399 ¹⁶
2515 3376 2725 3425 suam
2763 3350 3056 3426 tertiam
3096 3349 3423 3455 recipiat.
3465 3351 3648 3426 Item
3690 3348 3787 3425 de

936 3481 1159 3557 bonis
1198 3478 1725 3558 defunctorum
1762 3480 1920 3556 sine
1960 3479 2371 3590 heredibus
2412 3479 2504 3556 de
2546 3481 2932 3557 carreira¹⁶
2962 3509 3123 3571 sua,
3156 3478 3552 3586 adimpleta
3582 3480 3787 3586 prius

938 3608 1378 3686 eorumdem
1423 3609 1756 3716 legitima
1795 3608 2170 3688 voluntate
2216 3641 2234 3687 z
2277 3638 2769 3719 quaecumque
2824 3610 2917 3687 de
2970 3609 3185 3688 bonis
3229 3639 3490 3688 eorum
3532 3611 3610 3687 in
3651 3610 3787 3723 do-

937 3739 1184 3816 mibus
1231 3740 1475 3818 vicarii
1504 3746 1556 3788 ¹⁷
1600 3742 1895 3820 inventa
1944 3743 2252 3831 suerint,
2308 3742 2556 3819 vicarii
2607 3742 2785 3829 sint;
2835 3741 3120 3849 reliqua
3172 3742 3420 3819 omnia
3471 3741 3780 3820 abbatis..

1022 4016 1041 4047 ⁸
1079 4016 1176 4078 Sic
1196 4016 1258 4079 C.
1282 4028 1341 4079 et
1359 4018 1424 4079 D.
1451 4017 1577 4080 Col.
1610 4018 1973 4080 Vener-abilam
1992 4040 2099 4102 pro
2127 4020 2189 4080 U.
2213 4020 2281 4081 B.
2435 4019 2609 4103 (vide
2640 4020 2846 4103 Cangii
2884 4019 3225 4082 Glossarium
3255 4042 3307 4080 v.
3344 4018 3775 4103 Operaton'am.)

897 4133 992 4185 ,et
1021 4118 1130 4182 SG.
1164 4121 1251 4182 De
1280 4120 1562 4182 Umberto
1590 4120 1798 4183 abbate
1826 4121 1956 4184 vide
1978 4121 2069 4183 ch.
2096 4142 2250 4184 cxcn
2267 4168 2281 4191 .
2519 4121 2560 4153 ¹⁰
2603 4122 2947 4206 Romam-ipis
2975 4122 3089 4186 SG.

934 4234 1052 4283 not.
1088 4244 1119 4284 2
1155 4235 1213 4284 et
1237 4222 1346 4294 36,
1378 4235 1437 4283 et
1460 4222 1551 4284 ch.
1575 4243 1763 4287 cxciv.
2519 4224 2556 4255 ¹¹
2604 4224 2688 4286 De
2716 4226 2954 4287 omnibns
2983 4226 3065 4286 ibi
3095 4236 3155 4287 et
3181 4225 3424 4285 inferius
3447 4221 3562 4285 SG.

1016 4323 1037 4352 ⁸
1079 4325 1411 4387 Mar-cenacto
1439 4325 1555 4389 SG.
1585 4327 1911 4389 Marcennas
1932 4328 1999 4389 B.
2517 4325 2558 4357 ¹¹
2601 4325 2698 4387 Ad
2745 4328 3019 4391 bardavius
3024 4374 3190 4390 ......
3248 4325 3622 4409 quaestionibus
3677 4326 3777 4387 de·

1016 4425 1036 4461 ²
1082 4426 1177 4487 Sic
1195 4427 1258 4488 C.
1288 4439 1345 4489 et
1372 4429 1442 4490 D.
1474 4429 1599 4491 Col.
1632 4431 1937 4493 Vican'atus
1967 4429 2078 4492 SG.
2428 4442 2568 4491 sunt
2605 4428 2674 4492 B.

1018 4526 1037 4555 ⁸
1079 4528 1258 4612 Niqra
1278 4531 1344 4591 B.
1363 4530 1537 4615 Niqro
1561 4530 1674 4594 SG.
1699 4533 1798 4594 sed
1820 4532 1986 4602 false;
2004 4532 2078 4594 de
2097 4537 2276 4617 virga,
2515 4532 2557 4562 ¹³
2601 4532 2830 4594 Abbatis
2857 4531 2972 4595 SG.

930 4652 1261 4714 pannorum
1305 4653 1606 4702 mensura,
1641 4635 1756 4695 vid.
1789 4635 1970 4719 Cang.
2010 4634 2188 4698 Gloss.
2225 4658 2275 4697 v.
2517 4636 2555 4666 ¹⁴
2604 4636 2868 4720 Confi-ia
2886 4634 3000 4699 SG.

938 4732 1122 4817 Virya.
2514 4739 2555 4769 ¹⁵
2597 4738 2666 4799 In
2692 4761 2848 4799 suam
2874 4751 3068 4801 tenum
3101 4740 3330 4821 recipiat
3356 4738 3426 4799 D.
3451 4736 3577 4800 Col.

1015 4835 1034 4867 ⁹
1076 4837 1173 4900 Sic
1198 4837 1261 4901 C.
1285 4851 1344 4900 et
1360 4839 1429 4900 D.
1460 4838 1586 4900 Col.
1613 4843 1981 4922 operariorum
2007 4839 2120 4904 SG.
2153 4842 2279 4904 Vox
2519 4842 2558 4872 ¹⁶
2602 4842 2848 4905 camir-ia
2863 4843 2932 4904 B.
2952 4842 3166 4905 Canna
3188 4854 3462 4927 corrupte
3483 4841 3602 4905 SG.

927 4943 1285 5024 operatoriam
1337 4942 1627 5005 officinam
1646 4990 1661 5015 ‚
1694 4946 1927 5015 oavmir,
1968 4943 2272 5028 significat.
2515 4945 2552 4975 ¹⁷
2609 4946 2815 5010 Vicarii
2836 4947 2919 5008 ibi
2949 4946 3110 5009 abest
3133 4947 3204 5012 D.
3226 4945 3354 5008 Col.
3383 4955 3444 5007 et
3463 4942 3581 5008 SG.
