4442 5769
1370 624 2001 698 MONASTERII
2065 625 2195 696 DE
2259 622 2889 698 BELLOLOCO.
3445 624 3540 697 65

1965 1109 2297 1182 XXXIII.

828 1313 1108 1436 [Donatio
1137 1350 1374 1413 Rodulfi
1405 1350 1845 1434 archiepiscopi,
1875 1350 1952 1410 de
1991 1349 2124 1410 villa
2152 1349 2453 1411 saraciaco
2484 1348 2868 1434 pluribusque
2896 1351 3019 1411 aliis
3048 1349 3304 1433 praediis,
3344 1369 3450 1432 pro

1535 1454 1884 1515 monasterio
1913 1451 2275 1514 Bellilocensi
2306 1451 2746 1532 construenda]

838 1709 1330 1815 Antiquorum
1366 1706 1601 1783 sanxit
1633 1707 2022 1783 auctoritas
2048 1723 2269 1813 atque
2309 1706 2558 1811 legum
2599 1707 2920 1784 decrevit
2957 1709 3229 1795 unitas,
3275 1723 3359 1782 ut
3396 1705 3562 1812 qui—
3672 1719 3825 1771 Mart.
3844 1717 3969 1786 8⁵9·

727 1838 910 1916 libet
937 1837 1030 1913 de
1048 1844 1068 1884 ¹
1090 1836 1318 1914 rebus
1343 1835 1495 1912 suis
1515 1835 1718 1943 quod
1742 1835 1979 1913 facere
2009 1835 2357 1925 voluerit,
2393 1837 2470 1912 in
2493 1836 2870 1925 omnibuS,
2893 1837 3104 1942 juxta
3134 1836 3274 1912 Dei
3300 1834 3562 1911 volun·
3600 1922 3632 1963 Β
3719 1924 3745 1963 ⁵
3814 1919 3878 1962 SG
4005 1933 4031 1959 ⁰

728 1985 987 2055 tatem,
1026 1966 1267 2045 libero
1293 1965 1621 2071 potiatur
1655 1963 1984 2042 arbitrio.
2022 1964 2528 2057 Quamobrem
2555 1992 2692 2072 ego
2720 1966 2946 2072 igitur
2976 1966 3052 2042 in
3080 1966 3220 2044 Dei
3251 1966 3556 2042 nomine
3638 1936 3831 2052 werp.
3855 1933 4000 2048 ,2²⁷
4037 1947 4049 1958 ⁶

731 2094 1127 2184 Rodulfus,
1168 2094 1645 2200 Biturigensis
1688 2093 2030 2170 Ecclesiae
2078 2094 2415 2182 antistes,
2455 2122 2592 2202 pro
2623 2122 2876 2171 amore
2912 2096 3050 2170 Dei
3092 2096 3558 2219 omnipoten-

734 2226 829 2302 tis
868 2243 944 2303 et
977 2224 1310 2302 remedio
1343 2222 1606 2299 animae
1649 2251 1830 2299 mese
1877 2240 2417 2331 parentumque
2461 2251 2834 2312 meorum,
2880 2224 3067 2301 cedo
3119 2253 3559 2331 cessumque

732 2355 811 2431 in
848 2371 1298 2460 perpetuum
1340 2380 1498 2430 esse
1545 2351 1713 2429 volo
1754 2351 1850 2428 ad
1898 2353 2437 2430 monasterium
2485 2353 2652 2429 novi
2696 2353 3003 2460 quidem
3046 2354 3323 2459 operis,
3359 2353 3566 2460 quod

737 2512 974 2590 nuper
996 2482 1329 2561 Vellinus
1350 2542 1367 2571 ,
1397 2510 1594 2559 nunc
1623 2482 1932 2588 quidem
1961 2511 2001 2557 a
2025 2480 2243 2558 nobis
2270 2481 2762 2570 Belluslocus,
2810 2482 3102 2575 dicitur,
3152 2483 3358 2589 quod
3396 2511 3566 2588 eg0‚

734 2613 1056 2719 propitio
1089 2611 1423 2701 Christo,
1468 2613 1545 2688 in
1580 2610 1942 2688 honorem
1985 2611 2344 2718 principis
2378 2614 2884 2717 apostolorum
2937 2612 3169 2702 Petri,
3217 2613 3294 2689 in
3338 2611 3572 2689 fundo

724 2743 913 2850 juris
928 2743 1102 2831 mei,
1128 2741 1712 2819 construendum
1737 2741 2127 2830 constituo,
2153 2742 2233 2817 in
2253 2741 2644 2847 stipendiis
2666 2759 2738 2818 et
2756 2741 3016 2818 usibus
3035 2741 3572 2820 monachorum

737 2873 919 2953 inibi
963 2873 1123 2951 Deo
1152 2871 1666 2961 servientium,
1695 2901 1813 2948 res
1844 2872 2313 2977 proprietatis
2337 2900 2552 2960 mese,
2582 2900 2745 2978 quae
2782 2890 2954 2950 sunt
2991 2872 3067 2947 in
3099 2900 3287 2977 pago
3317 2872 3578 2950 Catur-

739 3004 940 3093 cino,
976 3005 1053 3080 in
1090 3004 1353 3080 vicaria
1381 3001 1868 3088 Casliacense,
1905 2997 2052 3076 hoc
2082 3017 2194 3076 est
2234 3000 2487 3075 villam
2527 3029 2803 3089 meam,
2842 3028 3006 3106 quae
3033 3017 3333 3077 vocatur
3371 3003 3579 3078 Sara-

741 3134 1011 3221 ciacus,
1051 3161 1198 3209 una
1226 3160 1397 3208 cum
1430 3129 1733 3207 ecclesia
1771 3156 1935 3234 quae
1979 3144 2090 3204 est
2127 3129 2203 3202 in
2247 3129 2605 3204 honorem
2647 3130 2722 3205 S.
2765 3128 3100 3218 Genesii,
3146 3156 3320 3204 cum
3362 3131 3578 3205 terris

743 3262 953 3339 cultis
1001 3279 1076 3338 et
1109 3259 1432 3350 incultis,
1465 3259 1731 3347 vineis,
1775 3256 2008 3346 silvis,
2052 3255 2439 3344 domibus,
2479 3256 2836 3345 aedificiis,
2873 3274 2946 3334 et
2979 3255 3329 3334 omnibus
3371 3260 3466 3335 ad
3499 3287 3577 3336 se

740 3389 1322 3496 pertinentibus,
1357 3406 1433 3465 et
1463 3386 1845 3493 mancipiis
1875 3386 2263 3493 utriusque
2305 3414 2520 3463 sexus
2565 3386 2656 3463 ad
2706 3388 3029 3463 eundem
3067 3387 3318 3464 locum
3353 3390 3580 3497 perti-

744 3517 1124 3607 uentibus;
1171 3535 1245 3594 et
1285 3518 1363 3594 in
1401 3516 1547 3594 alio
1576 3516 1775 3606 loco,
1816 3518 1891 3592 in
1929 3545 2117 3623 pago
2156 3518 2540 3594 Tornense
2576 3518 2654 3593 in
2691 3517 2858 3594 villa
2901 3518 3111 3623 cujus
3143 3517 3578 3597 vocabulum

746 3647 859 3725 Ad
892 3646 1105 3724 illum
1130 3645 1530 3754 Mesplum,
1567 3674 1908 3723 mansum
1934 3663 2303 3736 nostrum,
2339 3675 2565 3752 quem
2606 3647 2701 3724 de
2741 3649 3093 3738 Petrone,
3138 3648 3311 3725 dato
3341 3651 3582 3756 pretio

749 3778 1193 3884 comparavi,
1223 3806 1394 3854 cum
1420 3777 1770 3855 omnibus
1796 3777 1890 3853 ad
1916 3804 1994 3852 se
2021 3777 2603 3883 pertinentibus3
2632 3795 2703 3854 et
2722 3778 2800 3854 in
2824 3778 2969 3854 alio
2998 3778 3188 3869 loc0,
3217 3780 3290 3855 in
3314 3781 3581 3858 eodem

748 3935 969 4014 pag0,
1012 3907 1297 3984 vineam
1330 3906 1589 3985 subtus
1617 3909 2078 3985 Torennam²
2112 3924 2460 3998 castrum,
2506 3936 2728 4014 quam
2760 3909 2855 3985 de
2877 3908 3374 4017 Ragambaldo
3397 3939 3589 3988 com-

751 4036 1016 4140 paravi.
1050 4031 1219 4112 Haec
1249 4036 1500 4114 omnia
1527 4036 2053 4143 praenominata
2084 4053 2157 4111 et
2187 4053 2449 4113 cuncta
2487 4037 2581 4113 ad
2616 4038 2875 4114 eadem
2913 4039 3355 4143 pertinentia
3393 4039 3585 4127 loca,

754 4165 848 4240 ad
874 4165 1309 4271 pras-dictum
1339 4165 1622 4256 locum,
1669 4168 1746 4243 in
1773 4165 2160 4273 stipendiis
2178 4164 2522 4243 videlicet
2548 4167 3085 4244 monachorum
3129 4186 3204 4244 et
3242 4169 3320 4243 in
3358 4166 3590 4242 aedifi-

757 4295 1038 4374 catione
1071 4297 1406 4442 ejusdem
1430 4297 1610 4386 loci,
1644 4296 1814 4404 jure
1845 4312 2206 4440 perpetuo
2244 4295 2413 4373 volo
2449 4324 2607 4374 esse
2648 4324 3104 4374 concessum.
3128 4299 3350 4385 Sane,
3385 4298 3591 4403 quod

758 4424 949 4503 absit
982 4443 1057 4503 et
1082 4427 1396 4503 minime
1433 4425 1594 4503 fieri
1636 4426 1896 4514 crede,
1941 4425 2001 4502 si
2042 4425 2198 4531 ipse
2232 4452 2403 4533 ego,
2433 4425 2820 4503 immutata
2853 4425 2992 4501 hac
3025 4425 3433 4515 voluntate,
3467 4444 3596 4503 aut

758 4554 954 4632 ullus
979 4556 1075 4632 de
1108 4555 1515 4633 heredibus
1558 4557 1743 4633 meis
1779 4555 1928 4631 sive
1970 4555 2436 4662 propinquis,
2480 4556 2630 4632 sive
2669 4552 3018 4661 quaelibet
3052 4557 3389 4663 opposita
3424 4588 3596 4665 pet-

762 4712 963 4773 sona,
986 4715 1147 4793 quae
1162 4659 1420 4818 zontra
1448 4686 1639 4762 hanc
1659 4684 2103 4777 cessionem,
2128 4715 2352 4794 quam
2375 4713 2513 4793 ego
2528 4685 3011 4765 libentissima
3035 4686 3408 4766 voluntate
3428 4688 3593 4778 feci,

3789 1838 3862 1851 0¹2-

849 4868 1145 4932 ιΡωσοιιι·
1175 4872 1340 4933 uxori
1367 4891 1477 4932 sao
1506 4867 1858 4953 qwdsacm
1879 4867 2109 4929 voluer-it
2343 4868 2700 4929 'Tor-eneme
2723 4869 2785 4930 Β.

764 4968 876 5032 SG.
