4442 5769
1347 578 1368 599 ⁸
1409 590 2048 667 MONASTERII
2109 590 2244 662 DE
2306 590 2939 664 BELLOLOCO.
3226 592 3239 611 “
3294 604 3305 613 “
3452 594 3591 664 157

747 764 908 842 sine
944 761 1098 840 ullo
1132 775 1501 839 conventu
1530 760 1959 839 remaneat⁵
1979 760 2141 838 Deo
2169 775 2246 836 et
2275 759 2350 838 S.
2373 759 2629 851 Petro,
2660 758 2868 835 nullo
2899 760 3470 837 contradicente.
3505 762 3595 838 Et

747 896 828 972 in
865 894 1097 973 alium
1145 919 1484 973 mansum
1523 891 1655 999 qui
1689 907 2002 975 vocatur,
2029 873 2407 980 A'Podio,
2452 890 2750 968 dimitto
2789 918 2887 967 xn
2929 890 3272 969 denarios
3311 892 3388 968 in
3419 919 3596 969 con-

745 1023 1058 1101 frairia⁶.
1108 1024 1184 1102 S.
1217 1022 1519 1101 Bosoni.
1574 1022 1654 1101 S.
1696 1022 2027 1100 Petroni.
2081 1022 2157 1099 S.
2201 1021 2576 1098 Ademari.
2629 1022 2704 1099 S.
2758 1020 3182 1101 Gauzberti.
3226 1023 3302 1100 S.
3355 1022 3593 1101 Gauz-

744 1152 934 1231 fredi
979 1151 1110 1231 filii
1141 1153 1280 1230 sui.
1759 1155 1763 1158 ⁴

2057 1759 2295 1844 clv¹.

1467 1872 1473 1907 θ

1105 1975 1407 2058 [Venditio
1437 1996 1471 2036 a
1498 1948 1748 2036 cristina
1777 1974 1927 2035 facta
1954 1973 2031 2035 ae
2058 1992 2266 2034 mame
2288 1976 2417 2034 imo
2446 1972 2509 2034 in
2540 1973 2672 2034 vina
2706 1973 2795 2035 Aa
2823 1972 2926 2034 ino
2953 1974 3224 2055 Subula]

858 2195 1009 2270 Lex
1065 2219 1372 2268 romana
1433 2190 1655 2269 docet
1710 2207 1800 2267 ut
1847 2218 2344 2297 quaecumque
2408 2218 2757 2296 persona,
2809 2220 2976 2297 quae
3018 2192 3113 2268 de
3162 2191 3393 2270 rebus
3439 2192 3591 2269 suis

747 2310 1030 2430 aliquid
1068 2322 1149 2399 in
1188 2322 1496 2399 alterius
1523 2337 1884 2429 potestate
1925 2319 2219 2398 tradere
2248 2320 2602 2410 voluerit,
2635 2320 2951 2400 liberam
2982 2339 3058 2400 et
3085 2320 3592 2400 firmissimam

745 2452 1020 2531 habeat
1069 2452 1166 2529 ad
1220 2450 1648 2529 faciendum
1701 2448 2183 2528 facultatem2.
2243 2452 2394 2528 Nos
2431 2450 2660 2556 igitur
2710 2450 2789 2526 in
2847 2450 2988 2528 Dei
3041 2451 3348 2529 nomine
3396 2452 3594 2530 Cris-

748 2584 896 2661 tina
910 2590 961 2672 ³,
997 2599 1076 2661 et
1091 2581 1248 2660 filia
1273 2610 1440 2658 mea
1462 2582 1810 2670 Stevena,
1847 2597 1923 2657 et
1944 2580 2084 2659 filii
2127 2582 2278 2658 mei
2318 2580 2811 2688 Autguerius‘*
2852 2598 2929 2659 et
2958 2581 3386 2671 RotbertuS‚
3418 2611 3591 2661 ven-

748 2711 996 2790 dimus
1030 2713 1128 2791 ad
1150 2713 1308 2821 jam
1341 2712 1627 2790 dictum
1656 2711 1914 2791 locum
1953 2713 2083 2818 qui
2123 2727 2428 2788 vocatur
2458 2710 2964 2803 Belluslocus‚
3007 2715 3137 2820 qui
3179 2730 3292 2794 est
3326 2714 3597 2792 funda-

745 2858 864 2921 tus
918 2843 997 2920 in
1043 2840 1336 2922 honore
1386 2843 1662 2921 summi
1717 2841 2093 2949 clavigeris
2133 2842 2301 2920 ooeli
2351 2842 2584 2933 Petri,
2640 2841 3112 2951 aliorumque
3169 2845 3300 2923 SS.
3362 2847 3589 2923 Primi

748 2991 824 3051 et
867 2975 1254 3064 Feliciani‚
1305 3002 1603 3053 necnon
1661 2990 1741 3051 et
1784 2975 1867 3051 Β.
1927 2972 2331 3049 Felicitatis
2390 2990 2465 3050 et
2516 2973 2792 3080 egregii
2832 2973 3275 3053 confessoris
3313 2976 3589 3055 Christi

744 3105 1049 3195 Emelii‚
1091 3105 1224 3183 ubi
1263 3106 1590 3182 domnus
1624 3103 2087 3181 Bernardus⁵
2118 3101 2336 3209 [alias
2367 3137 2390 3179 .·
2418 3102 2914 3209 Bertrandus]
2943 3103 3275 3210 pontifex
3287 3111 3335 3193 ὃ,
3366 3106 3593 3184 abbas

742 3263 1055 3341 praeesse
1077 3235 1396 3313 videtur.
1427 3235 1732 3314 Constat
1762 3259 1900 3309 nos
1922 3231 2199 3338 pariter
2227 3232 2551 3309 vendere
2574 3232 2669 3309 ad
2695 3230 3148 3312 habitatores
3183 3235 3417 3341 ipsius
3446 3237 3591 3315 loci

743 3393 1089 3444 mansum
1127 3381 1466 3443 nostrum
1505 3363 1637 3471 qui
1670 3378 1783 3441 est
1821 3361 1899 3438 in
1937 3361 2119 3440 orbe
2152 3363 2618 3441 Limovicino
2640 3425 2658 3456 ,
2700 3363 2781 3440 in
2820 3363 3088 3441 vicaria
3126 3363 3538 3444 Asnacense
3566 3427 3586 3459 ,

742 3495 820 3571 in
857 3494 1029 3573 villa
1065 3522 1232 3600 quae
1267 3512 1568 3573 vocatur
1604 3492 1723 3572 Ad
1759 3493 1932 3572 iflo⁷
1972 3493 2291 3585 Sabulo;
2323 3493 2527 3571 unde
2566 3495 2991 3601 accepimus
3020 3494 3112 3573 ab
3152 3494 3592 3576 habitatori-

739 3625 885 3703 bus
921 3624 1152 3731 ipsius
1199 3623 1348 3704 loci
1393 3623 1722 3732 pretium
1763 3626 1842 3701 in
1890 3652 2042 3731 quo
2092 3624 2313 3703 nobis
2357 3623 2554 3703 bene
2607 3625 3096 3732 complacuit:
3144 3625 3293 3706 hoc
3347 3646 3462 3706 est
3510 3630 3590 3706 in

743 3772 1051 3863 argento
1086 3755 1368 3857 solidos
1405 3784 1708 3846 novem3
1744 3757 1847 3834 ita
1875 3773 1963 3835 ut
2002 3783 2090 3832 ex
2115 3753 2493 3835 hodierno
2522 3756 2649 3834 die
2689 3773 2994 3834 teneant
3048 3774 3124 3835 et
3160 3760 3592 3864 possideant

743 3886 1194 3968 habitatores
1234 3888 1465 3996 ipsius
1502 3886 1680 3981 loci,
1723 3886 1936 3968 nullo
1982 3886 2562 3966 contradicente.
2617 3887 2813 3968 Sane
2853 3887 2914 3965 si
2966 3889 3171 3995 quis,
3225 3918 3361 3984 nos
3410 3892 3584 3997 ipsi,

828 4089 846 4117 ⁸
891 4089 1132 4152 Debebat
1164 4105 1437 4178 corrupte
1468 4092 1534 4154 B.
2324 4093 2345 4125 0
2391 4093 2457 4154 In
2487 4092 2925 4175 confraternitate
2952 4092 3066 4155 SG.

828 4337 842 4368 ¹
890 4339 977 4399 Ex
1004 4360 1139 4400 mss.
1164 4340 1231 4401 B.
1252 4340 1318 4402 C.
1346 4353 1403 4402 et
1422 4340 1535 4404 SG.
1561 4355 1619 4404 et
1637 4345 1914 4428 excerptis
1937 4346 2092 4406 inter
2242 4346 2478 4406 nomine
2492 4392 2506 4414 ,
2539 4348 2642 4428 qui
2659 4344 2837 4407 abbas
2858 4357 3083 4406 tantum
3094 4346 3205 4408 fuit
3224 4349 3390 4408 annis
3411 4351 3586 4416 1028.

738 4439 979 4504 schedas
1002 4464 1055 4503 v.
1079 4441 1150 4503 cl.
1180 4440 1441 4513 Chesnii,
1467 4454 1510 4505 t.
1534 4444 1724 4514 XXII,
1757 4446 1858 4507 fol.
1883 4448 1983 4510 88.
2249 4467 2406 4531 1029
2438 4458 2497 4509 et
2524 4447 2712 4519 1030,
2733 4460 2818 4519 et.
2845 4450 2996 4510 circa
3024 4471 3161 4512 ann.
3194 4452 3371 4535 1037,
3397 4453 3458 4514 in
3484 4455 3588 4516 Ca-

823 4542 843 4574 ’
889 4543 1231 4606 Facultatum
1252 4545 1416 4607 deest
1434 4545 1550 4609 SG.
2240 4548 2513 4612 durcensi
2549 4549 2822 4612 cathedra
2852 4551 3134 4625 elevatus,
3163 4557 3587 4619 monasterium

824 4648 843 4678 ³
892 4647 1167 4709 Chr-istim
1187 4648 1255 4710 B.
1282 4659 1341 4710 et
1358 4647 1464 4710 ch,
2238 4651 2623 4716 Bellilocense
2636 4653 3021 4718 nihilominus
3039 4656 3385 4740 gubernavit
3401 4683 3586 4745 usque

823 4749 844 4779 ⁸
886 4750 1147 4836 Atqu-ias
1176 4751 1243 4816 B.
1275 4751 1535 4837 Alqerias
1555 4751 1670 4816 SG.
2239 4747 2316 4817 ad
2346 4777 2486 4817 ann.
2522 4757 2699 4819 1055.
2963 4755 2979 4770 ”

826 4852 845 4881 ⁸
888 4852 1225 4917 semaam
1239 4856 1306 4917 s.
1327 4854 1474 4925 so.;
1500 4855 1676 4918 abbas
1700 4858 1807 4919 1³20
1835 4858 2091 4943 pontifex
2327 4859 2347 4889 ·
2389 4859 2487 4923 sic
2511 4858 2693 4924 oso.
2726 4873 2784 4922 οι
2810 4860 2917 4924 ch.
2939 4864 3193 4948 pomffiw
3213 4865 3377 4926 deest
3403 4864 3469 4927 s.
3498 4828 3505 4834 ’

738 4954 955 5027 dictus,
987 4968 1103 5028 est,
1132 4970 1199 5019 ut
1234 4957 1499 5029 arbitror.
1524 4959 1858 5023 Bet-nardus
1887 4963 2090 5024 tertius
2141 5049 2148 5054 ·
2327 4960 2345 4990 ⁷
2392 4962 2479 5024 Ab
2499 4962 2595 5024 illo
2621 4962 2861 5026 Sabaalo
2890 4965 3002 5028 SG.

3737 2485 3852 2541 B.p.

3737 2634 3846 2691 c.p.

3678 2299 4041 2368 1037-1055.
4108 2318 4121 2341 ⁸

3882 2490 3977 2528 1²8.

3857 2590 3867 2601 .
3904 2564 3997 2614 176.

3878 2637 3973 2690 176.
