4442 5769
954 558 1097 633 178
1148 514 1163 531 “
1959 554 2768 630 anaTuLAan

946 732 1022 806 in
1062 727 1231 807 loco
1266 727 1405 834 qui
1442 726 1873 804 nominatur
1907 725 2278 804 Altudrio.
2317 726 2713 834 Habetque
2748 725 2936 804 fines
2981 658 3405 834 supradicta
3438 726 3652 807 vinea
3687 725 3785 803 de

940 887 1099 938 uno
1146 860 1373 937 latere
1414 857 1603 934 viam
1659 855 2076 963 publicam,
2119 856 2213 934 de
2251 856 2400 935 alio
2450 857 2684 936 latere
2733 876 3010 937 terram
3057 859 3136 937 S.
3185 856 3493 949 Juliani,
3555 874 3635 936 et
3688 859 3782 937 de

943 992 1110 1070 aliis
1146 989 1443 1068 duobus
1481 987 1839 1066 lateribus
1874 989 2025 1065 vias
2051 987 2410 1095 publicas.
2439 989 2828 1084 Quantum
2868 989 2950 1067 in
2987 990 3171 1068 istos
3196 986 3387 1067 fines
3416 989 3779 1078 continet,

764 1148 775 1159 ·
940 1140 1189 1202 totum
1228 1138 1305 1198 et
1340 1120 1438 1198 ad
1476 1119 1849 1227 integrum
1867 1178 1887 1208 ,
1934 1118 2125 1197 cedo
2164 1134 2245 1197 et
2284 1118 2487 1199 dono
2533 1147 2673 1230 ego
2703 1120 3090 1228 Catgerius
3127 1117 3457 1199 Domino
3493 1118 3657 1199 Deo
3705 1137 3781 1197 et

938 1257 1013 1334 St
1035 1254 1288 1341 Petro,
1313 1279 1449 1359 pro
1472 1249 1714 1328 anima
1738 1277 1940 1341 mea,
1968 1249 2048 1326 in
2067 1249 2195 1328 tali
2217 1250 2509 1329 ratione
2536 1268 2654 1341 ut,
2680 1253 2865 1329 dum
2885 1249 3022 1328 diu
3037 1277 3180 1358 ego
3211 1250 3369 1358 ipae
3391 1249 3779 1358 Catgerius

931 1384 1276 1463 advixero
1291 1441 1309 1471 ,
1334 1399 1634 1461 teneam
1648 1440 1668 1470 ,
1702 1396 1783 1458 et
1804 1380 2014 1458 annis
2036 1380 2351 1488 singulis
2371 1379 2475 1459 ad
2501 1379 2976 1460 festivitatem
3003 1382 3086 1461 S.
3110 1380 3310 1459 Petri
3336 1379 3532 1459 duos
3553 1380 3779 1460 dena-

932 1517 1085 1625 ςιοε
1121 1514 1218 1593 de
1257 1541 1423 1592 cera
1462 1512 1540 1589 in
1577 1539 1883 1591 censum
1916 1509 2328 1618 persolvam
2345 1571 2365 1601 ,
2409 1527 2490 1590 et
2532 1528 2704 1620 post
2738 1510 3033 1591 obitum
3069 1538 3326 1591 meum
3353 1511 3435 1590 in
3465 1510 3776 1591 domino

928 1648 1005 1726 S.
1039 1647 1257 1725 Petro
1284 1659 1702 1734 remaneat,
1738 1659 1814 1721 et
1848 1641 2261 1721 honorifice
2300 1642 2662 1749 sepeliant
2695 1672 2820 1721 me
2847 1660 3176 1723 rectores
3211 1645 3290 1723 S.
3326 1643 3554 1721 Petri.
3583 1643 3774 1723 Sane

923 1777 984 1854 si
1034 1777 1205 1885 quis
1246 1772 1725 1853 donationem
1766 1773 1982 1851 istam
2025 1770 2291 1851 falsare
2327 1772 2682 1864 voluerit,
2723 1774 2912 1853 iram
2950 1772 3092 1854 Dei
3131 1766 3661 1880 omnipotentie
3697 1794 3775 1853 et

922 1909 1000 1988 S.
1042 1908 1241 1987 Petri
1281 1905 1751 2018 aliorumque
1788 1919 2212 1983 sanctorum
2258 1903 2619 1995 incurrat,
2655 1922 2737 1987 et
2771 1921 3032 2014 postea
3065 1932 3201 1984 sua
3235 1905 3583 2052 repetitio
3611 1906 3775 1985 unzi-

920 2039 1078 2117 lnm
1118 2037 1474 2118 effectum
1509 2035 1815 2126 habeat·
1857 2035 1992 2114 sed
2029 2052 2230 2114 carta
2264 2035 2402 2116 ista
2427 2027 2787 2144 omnique
2815 2054 3153 2144 tfflnpore
3181 2035 3401 2114 firma
3429 2052 3509 2117 et
3534 2037 3773 2116 invio-

918 2168 1160 2249 labilis
1195 2184 1627 2275 permaneat
1661 2165 2139 2274 stipulatione
2178 2165 2512 2245 subnixa.
2546 2169 2763 2246 Facta
2811 2183 2924 2246 est
2963 2184 3159 2251 cns-ta
3193 2168 3333 2248 ista
3385 2167 3466 2246 in
3509 2195 3769 2247 mense

907 2301 1157 2410 jt'nio,
1191 2315 1546 2408 regnante
1572 2298 1884 2378 Loterio
1913 2325 2117 2408 rege.
2144 2298 2224 2378 S.
2256 2298 2611 2406 Catgerii,
2645 2299 2778 2406 qui
2820 2299 3304 2378 donationem
3344 2298 3565 2377 istam
3604 2298 3766 2378 fieri

921 2448 996 2509 et
1029 2428 1434 2508 adfirmare
1462 2428 1766 2537 rogavit.

2154 3037 2525 3114 CXXVII.

1198 3241 1464 3324 [Donum
1494 3242 1658 3325 quod
1684 3241 1821 3306 fecit
1847 3241 2117 3305 Godinus
2146 3242 2447 3328 presbyter
2471 3245 2535 3304 in
2563 3241 2697 3305 villa
2722 3242 2970 3307 Stah'aco
2998 3255 3056 3306 et
3083 3242 3475 3329 ventegiola]

1023 3477 1342 3583 Oportet
1386 3504 2009 3583 unumquemque
2052 3476 2149 3555 de
2199 3481 2511 3556 terrenis
2561 3478 2659 3556 ad
2699 3479 3027 3566 coelestia
3066 3497 3142 3557 et
3185 3480 3280 3558 de
3320 3480 3618 3562 caducis
3665 3477 3760 3557 ad

912 3634 1256 3685 mansura
1293 3606 1603 3684 transire
1620 3666 1639 3698 ,
1672 3635 1768 3684 ne
1793 3605 1986 3685 forte
2030 3635 2234 3687 mors
2272 3610 2670 3717 improvisa
2708 3610 3043 3718 aliquem
3084 3612 3533 3719 imparatum
3562 3614 3758 3689 inve-

772 3805 784 3820 .
903 3738 1056 3815 niat
1093 3766 1178 3815 ac
1203 3738 1364 3816 sine
1393 3719 1554 3817 ullo
1583 3756 1925 3845 respectu
1953 3738 2216 3818 divinae
2244 3741 2542 3848 pietatis
2573 3741 2665 3820 ab
2706 3741 2852 3820 hoc
2883 3741 3159 3821 saeculo
3201 3740 3739 3820 discedentem.

903 3868 1376 3976 Quapropter
1425 3897 1562 3979 ego
1606 3870 1684 3947 in
1731 3869 2037 3949 Christir
2054 3872 2358 3950 nomine
2408 3870 2781 3968 Godinus,
2836 3873 3224 3979 presbiter,
3277 3872 3754 3951 considerans

907 3998 1374 4111 flagilitatem
1412 4001 1639 4111 hujus
1677 4002 1926 4081 saeculi
1970 4019 2049 4081 et
2088 4003 2183 4081 de
2218 4004 2357 4084 Dei
2397 4005 2911 4084 misericordia
2949 4004 3365 4096 confidens,
3409 4004 3597 4083 cedo
3638 4032 3755 4083 res

904 4131 1378 4240 proprietatis
1416 4160 1599 4211 meae
1633 4132 1727 4209 ad
1765 4134 2307 4212 monasterium
2344 4133 2552 4243 quod
2583 4151 2885 4215 vocatur
2922 4134 3381 4215 Bellualocus
3406 4135 3755 4213 inhono-

902 4281 1063 4341 rem
1098 4262 1446 4342 videlicet
1484 4265 1560 4344 S.
1592 4264 1824 4355 Petri,
1867 4264 1945 4344 S.
1988 4265 2422 4355 Felicitatis,
2463 4266 2935 4376 aliorumque
2974 4285 3436 4358 sanctorum,
3472 4266 3604 4344 ubi
3643 4266 3755 4342 vir

898 4394 1338 4473 venerabilis
1375 4393 1786 4476 Gairulfus¹
1828 4394 2059 4474 abbas
2090 4424 2406 4503 praeesse
2443 4396 2770 4491 videtur-3
2801 4428 2968 4507 quae
3006 4416 3183 4478 sunt
3223 4399 3300 4476 in
3337 4425 3532 4506 pago
3566 4398 3751 4475 Tor·

894 4552 1159 4640 nense,
1201 4527 1281 4602 in
1324 4527 1588 4605 vicaria
1627 4527 2073 4618 Asnacense,
2118 4528 2197 4604 in
2240 4527 2404 4606 villa
2445 4557 2610 4637 quae
2648 4547 2957 4610 vocatur
2991 4529 3400 4610 Staliacus:
3453 4530 3602 4608 hoc
3641 4546 3754 4607 est

782 4739 803 4766 .
891 4658 1309 4762 wrtionem
1351 4685 1597 4737 meam
1633 4659 1729 4736 de
1769 4657 1925 4767 ipsa
1976 4659 2186 4738 vinea
2229 4688 2452 4767 quam
2475 4689 2641 4769 ‘ego
2677 4680 2757 4742 et
2797 4691 3032 4770 nepos
3077 4690 3295 4741 urens
3341 4659 3752 4741 Donadeus

980 4945 993 4974 ¹
1046 4946 1432 5031 Gar-rufine
