4442 5769
1304 662 1938 736 MONASTERII
2001 661 2121 733 DE
2184 662 2817 737 BELLOLOCO.
3394 664 3479 736 41

652 857 814 905 cem
870 825 1242 904 exsolvere
1306 827 1605 916 faciam,
1666 846 1835 933 post
1891 846 2140 905 autem
2194 858 2452 906 meum
2511 829 2915 916 dicessum,
2972 830 3146 934 ipsae
3213 858 3332 908 res
3396 831 3489 906 ad

654 959 728 1036 S.
771 960 1073 1035 Petrum
1119 974 1193 1035 et
1232 957 1326 1033 ad
1365 986 1539 1035 suos
1582 959 1982 1037 servientes
2025 976 2507 1048 revertantur,
2566 977 2642 1038 et
2687 958 2938 1037 nullus
2977 958 3201 1036 abbas
3240 988 3489 1065 neque

654 1088 851 1166 ullus
897 1104 1137 1164 rector
1197 1087 1291 1164 de
1342 1088 1829 1166 servientibus
1867 1090 2063 1194 ipsas
2100 1117 2219 1166 res
2261 1090 2335 1166 S.
2375 1090 2569 1166 Petri
2623 1090 2945 1165 vendere
2998 1088 3115 1165 vel
3170 1088 3488 1167 alienare

653 1219 898 1307 faciat,
943 1217 1183 1294 sedin
1222 1218 1515 1296 servitio
1550 1219 1628 1297 S.
1667 1219 1864 1295 Petri
1905 1236 2366 1308 remaneant3
2408 1220 2618 1325 quod
2664 1218 2856 1295 forte
2897 1220 2958 1295 si
3012 1217 3353 1306 fecerint,
3397 1221 3491 1295 ad

651 1349 1071 1456 proximum
1098 1365 1485 1456 parentem
1510 1377 1766 1426 meum
1793 1377 1916 1427 res
1953 1350 2128 1455 ipsae
2167 1366 2656 1440 revertantur,
2702 1366 2776 1425 et
2802 1348 2943 1454 ipsi
2975 1348 3238 1425 decem
3269 1348 3490 1427 solidi

654 1481 728 1554 in
780 1480 1054 1556 octavia
1093 1479 1497 1555 Nativitatis
1551 1479 1900 1568 Domini,
1954 1480 2029 1555 in
2069 1480 2291 1556 missa
2345 1479 2627 1556 scilicet
2663 1479 3212 1567 Innocentium,
3257 1480 3494 1581 exsol-

651 1626 931 1685 vantur.
977 1611 1070 1686 Et
1119 1635 1254 1714 per
1301 1608 1499 1685 hunc
1542 1610 1854 1686 modum
1907 1610 1981 1688 S.
2034 1611 2253 1686 Petro
2300 1609 2733 1715 ibidemque
2788 1609 2940 1685 suis
3003 1608 3493 1686 servientibus
3526 1668 3553 1689 .

651 1765 771 1814 res
804 1738 960 1843 jam
1001 1735 1451 1842 supradictas
1483 1738 1879 1827 tradimus,
1920 1737 2433 1816 transferimus
2470 1754 2695 1844 atque
2743 1737 3363 1825 transfundimus,
3412 1756 3495 1814 ut
3534 1726 3543 1745 ’

656 1867 925 1943 babere
968 1885 1188 1974 atque
1226 1883 1690 1943 commutare
1730 1867 1968 1945 liceat.
2004 1869 2196 1947 Sane
2244 1869 2304 1945 si
2345 1868 2514 1974 quis
2549 1884 2678 1945 aut
2715 1896 2853 1944 nos
2888 1867 3060 1973 ipsi,
3106 1866 3493 1944 immutata

649 1996 1029 2073 voluntate
1050 2013 1330 2085 nostra,
1355 2013 1482 2073 aut
1509 1997 1716 2075 ullus
1733 1997 2140 2075 heredibus
2159 1999 2463 2085 nostris,
2491 2027 2623 2075 seu
2650 1996 3001 2104 quaelibet
3022 1997 3357 2103 opposita
3376 1998 3491 2074 vei

653 2128 980 2205 immissa
1015 2154 1362 2234 persona,
1404 2145 1656 2205 contra
1695 2129 1769 2239 S.
1813 2129 2112 2205 Petrum
2157 2127 2273 2204 vel
2312 2156 2488 2205 suos
2527 2128 2921 2205 servientes
2957 2128 3100 2214 ire,
3135 2154 3352 2233 agere
3379 2128 3492 2204 vel

651 2257 882 2334 ullam
915 2257 1361 2335 calumniam
1402 2258 1714 2335 inferre⁷
1742 2276 2049 2336 conatus
2087 2258 2343 2347 suerit,
2389 2258 2727 2364 inprimis
2766 2258 2949 2334 iram
2982 2258 3121 2335 Dei
3153 2257 3492 2363 omnipo-

652 2389 873 2464 tentis
913 2389 1267 2475 incurrat,
1305 2405 1379 2463 et
1412 2406 1667 2493 postea
1699 2416 1868 2464 cum
1907 2386 2100 2464 Juda
2142 2388 2499 2465 traditore
2532 2388 2607 2463 in
2651 2387 2942 2464 inferno
2984 2387 3254 2465 habeat
3287 2416 3493 2463 man-

651 2519 973 2606 sionem,
1029 2536 1105 2595 et
1139 2515 1445 2624 insuper
1494 2518 1569 2595 S.
1622 2520 1842 2595 Petro
1887 2516 1997 2594 vel
2034 2519 2188 2595 suis
2227 2517 2715 2594 servientibus
2764 2518 2920 2594 auri
2964 2517 3229 2593 libram
3270 2547 3491 2593 unam

652 2663 782 2725 aut
827 2647 1105 2725 solidos
1155 2664 1531 2724 trecentos
1584 2663 1880 2724 coactus
1929 2648 2280 2739 exsolvat,
2335 2665 2410 2724 et
2459 2647 2666 2753 quod
2704 2649 2893 2754 petit
2930 2676 3081 2724 non
3132 2647 3489 2734 vindicet.

653 2779 786 2856 sed
814 2806 1133 2884 praesens
1161 2778 1297 2855 ista
1333 2779 1711 2855 concessio
1740 2777 1953 2855 firma
1981 2796 2446 2883 permaneat,
2492 2797 2565 2856 et
2601 2808 2772 2856 cum
2815 2778 3286 2887 stipulatione
3315 2777 3492 2855 sub-

654 2911 817 2986 nixa
866 2910 1071 2987 omni
1125 2927 1459 3014 tempore
1512 2925 1803 2986 maneat
1863 2909 2322 2987 inconvulsa.
2381 2909 2456 2986 S.
2511 2910 2816 2986 Sicardi.
2877 2909 2951 2986 S.
3007 2909 3486 3014 lngelsendis.

655 3041 728 3117 S.
755 3038 1122 3146 Adalgarii
1150 3038 1546 3144 presbiteri
1580 3038 1708 3144 qui
1740 3037 1886 3115 hoc
1918 3038 2422 3116 firmaverunt.
2455 3038 2531 3115 S.
2557 3038 2972 3117 Gariberni.
3002 3038 3078 3115 S.
3108 3036 3486 3113 Eldoardi.

576 3267 587 3278 α
656 3171 727 3246 S.
751 3168 1115 3247 Donadei.
1151 3169 1228 3247 S.
1275 3168 1622 3245 Madrini.
1653 3169 1729 3246 S.
1763 3167 2032 3246 Serrafi
2047 3168 2096 3244 Β.
2140 3169 2214 3245 S.
2250 3167 2643 3244 Anastasii.
2680 3168 2755 3245 S.
2788 3165 3098 3244 Sadulfi.
3135 3168 3348 3241 Facta
3383 3183 3492 3242 est

657 3299 1028 3376 concessio
1087 3300 1225 3375 ista
1293 3297 1370 3373 in
1439 3326 1696 3375 mense
1761 3296 2232 3400 novembrio,
2308 3312 2659 3402 regnante
2725 3293 3261 3373 Karlomando⁹
3318 3323 3487 3396 rege

656 3430 1101 3505 Francorum
1141 3443 1361 3533 atque
1395 3427 1951 3534 Aquitanorum.

597 3655 628 3669 ,
739 3613 757 3643 ⁷
805 3613 899 3674 Ad
922 3613 1270 3697 auferendam
1299 3615 1365 3674 B.
2235 3613 2254 3641 ⁹
2301 3609 2691 3672 Cumlomamlo
2716 3610 2821 3670 Ch.
2854 3609 3027 3672 Deest
3059 3611 3302 3669 omnino
3324 3608 3434 3670 SG.

743 3715 761 3744 ³
803 3715 859 3777 S.
890 3715 1097 3800 Ser-aqi.
1129 3716 1187 3779 S.
1221 3715 1480 3776 Anastasi
1501 3716 1565 3776 B.
