4442 5769
1373 596 2015 675 MONASTERII
2065 598 2203 671 -DE
2265 597 2903 673 BELLOLOCO.
3421 601 3551 673 151

723 777 819 854 de
874 775 1064 852 meis
1111 772 1434 878 propriis
1484 772 1710 850 rebus
1759 796 1944 876 quas
1995 767 2225 846 hodie
2280 767 2562 875 absque
2616 767 2842 846 ullius
2893 768 3220 846 hominis
3272 788 3566 847 contra-

724 904 1050 985 dictione
1091 920 1312 984 teneo
1363 919 1583 1010 atque
1633 901 2019 1009 possideo,
2066 899 2212 977 hoc
2254 916 2365 976 est
2413 898 2693 977 scilicet
2741 927 2861 976 res
2900 927 3064 1005 quae
3112 918 3414 978 vocatur
3452 899 3568 977 Ad

723 1035 1085 1113 Brolium.
1137 1035 1278 1111 Et2
1331 1061 1628 1139 semper
1679 1031 2097 1138 adpraesens
2164 1057 2331 1106 mea
2389 1046 2656 1136 sponte
2706 1029 3144 1136 priusquam
3193 1058 3315 1106 me
3365 1058 3568 1108 mors

721 1184 1068 1273 occupet,
1121 1164 1309 1242 cedo
1369 1164 1614 1242 eidem
1668 1160 2178 1268 apostolorum
2230 1163 2549 1268 principi
2604 1163 2826 1239 Petro
2845 1222 2863 1252 ,
2928 1162 3411 1241 medietatem
3474 1164 3569 1241 de

722 1299 886 1405 ipso
924 1297 1206 1385 Brenn,
1249 1313 1332 1372 et
1369 1294 1850 1372 medietatem
1908 1293 2002 1371 de
2045 1293 2406 1372 omnibus
2456 1294 2637 1371 ortis
2676 1294 2808 1399 qui
2849 1292 3132 1371 ibidem
3166 1295 3569 1401 pertinent;
3646 1378 3661 1389 ῃ

725 1444 802 1505 et
840 1428 1324 1505 medietatem
1371 1425 1467 1502 de
1509 1427 1795 1502 cunctis
1842 1424 2079 1502 vineis
2116 1452 2280 1531 quae
2326 1424 2671 1501 similiter
2708 1423 2812 1502 ihi
2850 1425 3259 1531 pertinent3
3300 1444 3373 1503 et
3412 1454 3574 1503 me·

723 1560 1079 1641 dietatem
1125 1556 1219 1634 de
1268 1556 1498 1662 pratis
1546 1556 1733 1634 meis
1778 1554 1908 1661 qui
1963 1555 2254 1635 ibidem
2309 1582 2467 1633 esse
2512 1555 2883 1634 videntur.
2932 1553 3170 1633 Aliam
3212 1555 3575 1635 medieta-

721 1705 875 1767 tem
909 1689 1209 1767 dimitto
1236 1688 1332 1765 ad
1359 1703 1709 1793 nepotem
1735 1713 1982 1763 meam
2009 1686 2315 1765 nomine
2339 1685 2830 1793 Vigernane⁸3
2860 1703 3033 1792 post
3058 1703 3378 1764 mortem
3414 1689 3575 1794 ejus

722 1820 800 1899 S.
859 1821 1077 1899 Petro
1135 1834 1589 1925 permaneat.
1630 1818 1803 1897 Hoec
1849 1816 2102 1897 omnia
2154 1844 2293 1923 pro
2333 1817 2578 1895 anima
2626 1845 2831 1905 mea,
2870 1844 3008 1923 pro
3046 1817 3289 1895 anima
3334 1816 3574 1897 fratris

722 1950 874 2028 mei
923 1949 1303 2039 Galterii4,
1353 1965 1431 2025 et
1471 1975 1607 2054 pro
1655 1946 2309 2037 animarFolcaldi,
2350 1963 2426 2029 et
2462 1974 2599 2053 pro
2639 1946 2884 2024 anima
2921 1949 3180 2026 matris
3223 1977 3453 2039 meae²
3502 1967 3574 2026 et

720 2108 860 2188 pro
899 2079 1288 2159 animabus
1323 2096 1718 2185 parentum
1756 2106 2102 2159 meorum
2139 2076 2669 2157 defimetorum
2706 2096 2789 2155 ¹et
2819 2078 3157 2159 vivorum
3185 2138 3202 2168 ‚
3246 2080 3574 2159 Domino

721 2210 888 2287 Deo
928 2209 1165 2287 offero
1216 2226 1292 2286 et
1338 2208 1675 2315 apostolo
1723 2210 1886 2317 ejus
1927 2210 2188 2303 Petro,
2230 2225 2400 2316 post
2437 2226 2762 2289 mortem
2803 2237 3087 2299 meam,
3129 2209 3255 2287 tali
3292 2209 3574 2291 scilicet

722 2341 1038 2429 ratione.
1062 2359 1146 2419 ut
1183 2340 1372 2417 ultra
1411 2339 1567 2450 jam
1610 2339 1702 2418 ab
1741 2339 2120 2419 hodierno
2162 2339 2286 2418 die
2325 2341 2455 2447 qui
2507 2357 2623 2419 est
2657 2340 3017 2446 septimus
3056 2340 3405 2421 kalendas
3439 2370 3573 2420 au-

722 2472 918 2579 gusti
936 2532 954 2561 ‚
1000 2487 1073 2548 et
1112 2470 1466 2577 deinceps
1504 2469 1755 2549 nullus
1794 2470 1892 2548 sit
1927 2471 2059 2577 qui
2099 2469 2294 2555 hanc
2331 2470 2746 2549 cessionem
2785 2472 3118 2577 requirat
3146 2499 3285 2549 nec
3322 2473 3577 2579 requi-

721 2601 936 2681 rendi
974 2599 1328 2683 fiduciam
1368 2600 1660 2681 habeat.
1691 2601 1788 2679 Et
1805 2601 1865 2679 si
1885 2628 2041 2709 ‚ego
2071 2603 2233 2707 ipse
2270 2618 2439 2708 post
2466 2600 2924 2681 hodiernum
2965 2600 3169 2679 diem
3199 2588 3593 2709 legitimos·

721 2730 916 2810 filios
951 2749 1078 2813 aut
1111 2731 1302 2813 filias
1335 2759 1704 2838 genuero,
1749 2732 1890 2838 ipsi
1919 2731 2044 2810 hic
2077 2731 2361 2813 nullam
2393 2731 2719 2810 habeant
2745 2752 3029 2839 partem
3063 2733 3179 2812 vel
3207 2735 3579 2839 querimo-

723 2862 921 2940 niam
941 2924 958 2952 ‚
1002 2861 1137 2940 sed
1154 2861 1392 2942 libera
1411 2878 1667 2941 mente
1703 2862 1977 2941 Sancto
2005 2863 2228 2944 Petro
2267 2862 2365 2940 sit
2376 2879 2552 2967 post
2588 2880 2912 2942 mortem
2943 2891 3214 2941 meam.
3249 2865 3343 2942 Et
3368 2865 3575 2943 omni

722 3020 947 3081 anno,
991 2993 1329 3100 quandiu
1375 3020 1515 3099 ego
1564 2993 1847 3082 vixero,
1895 2993 2259 3098 accipiant
2306 3010 2382 3069 et
2428 3009 2730 3072 teneant
2774 2992 3130 3073 monachi
3179 2992 3343 3072 illas
3391 2994 3577 3072 duas

726 3121 1139 3204 denariatas
1179 3122 1274 3200 de
1315 3120 1440 3200 illa
1477 3121 1690 3199 vinea
1723 3150 1889 3228 quae
1929 3139 2235 3202 vocatur
2271 3121 2658 3211 Plantada‚
2699 3122 3009 3200 tertium
3049 3140 3125 3200 et
3162 3121 3421 3200 oblias.
3462 3126 3576 3201 De

723 3269 1018 3344 caetero,
1054 3270 1226 3359 post
1251 3252 1411 3332 haec
1448 3252 1736 3342 omnia,
1771 3249 1942 3330 volo
1978 3267 2067 3330 ut
2098 3251 2449 3356 bol-daria
2481 3252 2577 3330 de
2602 3252 2734 3330 Illa
2765 3253 3101 3343 Poiada⁵‚
3138 3281 3365 3361 quam
3405 3254 3579 3332 Fol-

723 3382 976 3462 caldus
1012 3382 1366 3489 patruelis
1404 3409 1620 3460 meus
1660 3381 1944 3461 dimisit
1982 3383 2059 3462 S.
2095 3384 2315 3461 Petro
2351 3399 2428 3464 et
2455 3384 2551 3462 ad
2583 3385 3008 3462 remedium
3038 3383 3213 3461 filii⁶
3249 3384 3369 3461 sui
3404 3383 3580 3464 Gal·

601 3557 618 3574 ·
721 3513 926 3603 terii,
965 3512 1094 3590 tali
1135 3512 1414 3592 scilicet
1447 3514 1734 3594 ratione
1770 3531 1858 3592 ut
1893 3515 2052 3622 ipse
2084 3512 2463 3594 Galterius
2499 3515 2772 3596 iterum
2806 3532 2981 3622 post
3014 3534 3337 3594 mortem
3362 3545 3579 3595 suam

724 3643 1135 3736 dimitteret
1184 3642 1260 3723 S.
1313 3644 1566 3733 Petr03
1618 3672 1844 3751 quam
1899 3645 2497 3724 convenientiam
2550 3644 2925 3726 Galterius
2983 3646 3575 3754 transgrediens,

726 3776 937 3856 dedit
963 3804 1124 3855 eam
1154 3776 1413 3855 osculo
1449 3776 1658 3854 uxori
1687 3805 1841 3856 suae
1874 3776 2150 3856 Elianae
2188 3778 2391 3857 malo
2430 3778 2698 3859 ordine
2740 3796 2815 3857 et
2841 3807 2997 3858 non
3020 3797 3219 3858 recte
3255 3809 3274 3855 ε
3308 3779 3574 3886 ipsam,

722 3924 892 4013 post
933 3925 1260 3987 mortem
1315 3906 1520 3986 iliius
1566 3906 1901 3998 feminae,
1960 3907 2133 3987 volo
2181 3926 2268 3986 ut
2317 3909 2411 3987 S-
2448 3908 2709 3987 Petrus
2772 3927 2847 3987 et
2894 3908 3241 3989 monachi
3293 3910 3455 4018 ejus
3504 3913 3579 3987 in

724 4065 943 4118 suum
981 4059 1330 4120 revocent
1371 4038 1816 4120 dominium.
1839 4038 2192 4147 ,Adsigno
2234 4068 2355 4118 me
2403 4067 2545 4146 ego
2581 4040 2866 4120 Ebolus
2904 4058 3283 4121 auctorem
3323 4057 3398 4117 et
3430 4058 3581 4119 tes-

723 4186 874 4246 tem
915 4166 1141 4275 hujus
1178 4170 1288 4246 rei
1328 4170 1428 4248 ita
1463 4199 1904 4276 permanere
1943 4170 2224 4279 absque
2257 4170 2415 4252 ullo
2448 4172 3025 4251 contradicente.
3058 4173 3135 4252 S.
3171 4171 3572 4250 Ramnulfi.

725 4299 802 4375 S.
846 4297 1225 4403 Stephani.
1271 4301 1346 4377 S.
1391 4301 1630 4408 Ugoni
1669 4302 1804 4410 qui
1844 4301 2002 4380 haec
2040 4303 2294 4382 omnia
2333 4304 2541 4382 novit
2580 4321 2655 4381 et
2694 4304 2853 4382 scit.

721 4558 840 4620 qua
865 4538 1020 4599 inter
1043 4538 1255 4608 multa,
1282 4539 1548 4623 quaedam
1566 4542 1705 4625 jura
1738 4542 1802 4601 in
1837 4542 1968 4603 loeo
1997 4543 2073 4605 de
2310 4544 2330 4572 ³
2386 4544 2646 4629 Viqemno
2668 4541 2782 4605 SG.

723 4637 826 4700 Illa
851 4639 1068 4702 Poiada
1096 4662 1368 4703 concessa
1394 4641 1559 4704 fuere
1575 4642 2072 4707 Bellilocensibus.
2313 4645 2333 4675 ⁴
2382 4646 2621 4708 Gruter-ii
2654 4646 2721 4708 B.

809 4739 831 4771 ⁸
874 4744 975 4805 Ex
992 4767 1133 4806 nunc
1149 4766 1266 4807 msa
1284 4756 1468 4829 sponte
1490 4748 1546 4808 in
1560 4757 1885 4830 perpetuum
1899 4750 2077 4831 prius·
2318 4748 2338 4779 ⁸
2382 4748 2601 4811 Paiada
2628 4750 2695 4812 B.

724 4867 887 4927 qaam
916 4846 1031 4910 SG.
2316 4852 2336 4882 ⁸
2387 4852 2527 4913 Filio
2553 4874 2649 4915 sao
2681 4852 2930 4915 Galterio
2955 4853 3067 4916 SG.
