4442 5769
1444 628 2086 723 MQNASTERII
2148 635 2283 707 DE
2349 634 2986 710 BELLOLOCO.
3495 638 3637 710 139

786 824 956 915 post
1000 833 1254 885 meum
1300 830 1603 911 quoque
1644 800 2048 891 dicessum,
2098 801 2234 880 filii
2275 804 2424 881 mei
2465 803 2861 882 Rothertus
2911 823 2984 882 et
3030 804 3468 915 Austorgius
3508 806 3642 883 ha-

788 937 1124 1027 buerint,
1170 953 1471 1014 centum
1511 934 1792 1013 solidos
1834 934 1933 1013 ad
1974 934 2434 1041 sepulturam
2479 963 2722 1012 meam
2770 936 2845 1013 S.
2889 935 3106 1013 Petro
3157 937 3366 1027 dent,
3413 955 3488 1016 et
3530 955 3644 1014 te-

789 1087 1014 1148 neant
1056 1067 1557 1146 hereditatem
1591 1064 2085 1172 supradictam
2121 1067 2462 1173 quandiu
2501 1067 2783 1158 vivuntt,
2831 1084 2998 1173 post
3043 1067 3345 1146 illorum
3387 1086 3641 1146 autem

793 1200 1162 1279 dicessum
1206 1201 1280 1277 S.
1318 1198 1539 1275 Petro
1574 1214 1977 1275 remaneat.
2005 1196 2227 1292 Quod
2260 1198 2322 1275 si
2353 1226 2506 1277 non
2545 1196 2950 1276 habuerint
2987 1216 3286 1276 centum
3326 1198 3637 1292 solidos,

793 1331 886 1408 ad
924 1358 1247 1438 praesens
1285 1330 1361 1409 S.
1395 1329 1612 1406 Petro
1650 1328 1778 1418 sit,
1812 1328 1895 1404 in
1931 1327 2057 1405 tali
2100 1329 2388 1406 ratione
2428 1347 2514 1407 ut
2553 1328 2757 1407 filius
2796 1358 3011 1407 meus
3047 1330 3506 1409 Ademarus⁶
3530 1348 3641 1408 te-

791 1479 964 1540 neat
1001 1463 1095 1538 ad
1137 1460 1645 1539 obedientiam
1693 1459 2025 1567 quandiu
2078 1459 2458 1539 advixerit.
2501 1461 2694 1541 Saue
2743 1461 2804 1539 si
2854 1462 3057 1568 quis,
3100 1490 3239 1568 ego
3281 1462 3473 1567 ipse,
3519 1481 3644 1540 aut

792 1592 988 1703 ullus
1026 1594 1249 1671 heres
1283 1592 1747 1699 propinquus
1786 1620 2031 1677 meus,
2077 1609 2205 1669 aut
2246 1590 2395 1669 ulla
2434 1592 2763 1670 immissa
2801 1621 3146 1699 persona,
3189 1623 3353 1700 quae
3394 1611 3645 1671 contra

794 1726 1202 1802 cessionem
1245 1722 1435 1801 hanc
1488 1723 1722 1801 ullam
1772 1722 2212 1801 calumniam
2264 1750 2616 1830 generare
2662 1725 3063 1814 conaverit,
3113 1725 3646 1830 omnipotentis

793 1858 931 1937 Dei
978 1857 1161 1933 iram
1203 1873 1278 1932 et
1324 1855 1526 1934 beati
1565 1855 1759 1932 Petri
1805 1870 1879 1933 et
1917 1872 2336 1933 sanctorum
2381 1856 2720 1933 omnium
2758 1854 3116 1944 incurrat,
3161 1872 3449 1934 etcum
3489 1856 3648 1934 dia-

791 1988 968 2067 bolo
989 1986 1433 2065 cruciandus
1461 1985 1853 2063 infernales
1876 2014 2130 2092 poenas
2152 1987 2532 2065 sustineat.
2557 1987 2648 2065 Et
2663 2047 2681 2077 ,
2707 1988 2768 2064 si
2795 1985 2992 2064 ullus
3017 1986 3241 2065 abbas
3266 1987 3381 2065 vel
3401 2006 3647 2067 rector

797 2119 1132 2227 ejusdem
1162 2118 1321 2225 jam
1365 2117 1542 2196 dicti
1586 2117 1768 2205 loci,
1804 2135 1930 2195 aut
1967 2117 2165 2194 ullus
2200 2116 2640 2206 monachus,
2680 2118 2775 2195 de
2812 2116 2971 2195 istis
3003 2119 3234 2196 rebus
3263 2119 3357 2197 de
3390 2147 3648 2199 comu-

794 2252 915 2328 nia
941 2250 1479 2328 monachorum
1504 2248 1789 2357 aliquid
1818 2247 2189 2356 expellere
2212 2266 2340 2327 aut
2367 2249 2685 2327 alienare
2712 2248 3063 2339 voluerit,
3090 2249 3436 2329 similiter
3460 2251 3646 2329 iram

689 2410 700 2416 ·
796 2384 936 2462 Dei
968 2384 1327 2471 incurrat;
1354 2380 1513 2458 haec
1540 2409 1715 2459 vero
1748 2381 1982 2459 cessio
2013 2381 2375 2526 omnique
2410 2399 2743 2526 tempore
2776 2378 2994 2459 firma
3020 2380 3447 2489 stabilisque
3475 2411 3647 2491 per-

797 2530 1111 2590 maneat.
1152 2515 1373 2590 Facta
1417 2530 1527 2589 est
1564 2511 1721 2589 haec
1762 2513 1995 2589 cessio
2037 2513 2116 2588 in
2154 2541 2411 2590 mense
2450 2512 2680 2601 maiO,
2719 2529 3067 2618 regnante
3102 2513 3404 2591 Loterio
3445 2542 3642 2621 rege.

799 2647 877 2722 S
898 2644 1301 2723 Guauzleni
1335 2645 1465 2750 qui
1498 2644 1908 2721 cessionem
1942 2643 2136 2723 hanc
2164 2644 2390 2722 scribi
2422 2642 2851 2779 firmarique
2886 2646 3190 2749 rogavit.
3225 2645 3301 2724 S.
3324 2644 3643 2725 Rainal⁷

800 2776 874 2853 S.
904 2776 1283 2882 Stephani
1318 2777 1397 2854 S.
1425 2774 1694 2884 Ugoni.
1731 2776 1806 2854 S.
1843 2775 2216 2854 Ademari.

2033 3392 2423 3466 LXXXVI.

866 3602 1080 3664 Notitia
1118 3603 1516 3664 conventionis
1546 3600 1637 3663 vel
1666 3602 2012 3687 gurpitionis
2040 3623 2220 3685 quam
2257 3601 2394 3664 fecit
2422 3598 2737 3661 Rainaldus
2771 3621 2909 3660 cum
2937 3599 3268 3666 monachis.
3301 3600 3375 3662 de
3405 3602 3585 3662 vineis

1113 3728 1257 3788 quas
1289 3706 1509 3767 dimisit
1538 3705 1865 3790 Stephanus
1896 3705 2161 3767 sacerdos
2187 3703 2262 3766 de
2289 3704 2580 3800 Mainsaco
2609 3704 2669 3766 S.
2704 3705 2875 3765 Petro
2906 3703 2980 3765 de
3003 3703 3316 3766 Belloloco.

914 3961 1258 4069 Inprimis
1290 3989 1437 4069 ego.
1461 3960 1860 4038 Rainaldus
1901 3960 2246 4068 relinquo
2309 3978 2383 4037 et
2424 3959 2722 4038 dimitto
2757 3960 2834 4038 S.
2883 3962 3103 4038 Petro
3147 3959 3240 4038 de
3271 3959 3647 4038 Befloloco

746 4163 751 4167 ,
804 4111 878 4171 et
915 4094 1299 4172 monachis
1335 4092 1476 4170 loci
1530 4092 1759 4199 ipsius
1798 4121 2107 4171 omnem
2144 4091 2358 4169 illum
2397 4092 2764 4172 honorem
2802 4120 3032 4199 quem
3073 4091 3493 4197 Stephanus
3535 4119 3648 4167 sa-

804 4224 1066 4302 cerdos
1106 4225 1201 4303 de
1236 4224 1647 4303 Μειίιιιωοο1
1684 4226 1881 4303 visus
1914 4242 2024 4302 est
2060 4224 2434 4304 dimittere
2455 4285 2472 4314 ,
2508 4242 2584 4303 et
2623 4251 2762 4331 ego
2791 4224 2992 4302 visus
3026 4250 3193 4300 sum
3224 4221 3512 4300 tollere.
3542 4223 3649 4300 Ita

801 4356 963 4435 Deo
1005 4373 1080 4433 et
1121 4357 1197 4435 S.
1243 4358 1462 4434 Petro
1481 4418 1499 4446 ‚
1544 4373 1623 4433 et
1658 4354 2044 4434 monachis
2081 4355 2312 4462 ipsius
2349 4354 2493 4434 loci
2535 4355 2834 4433 dimitto
2877 4371 2951 4431 et
2986 4350 3333 4459 relinquo
3367 4371 3453 4431 ut
3480 4353 3648 4433 Ste-

801 4484 1088 4592 phanus
1138 4488 1481 4565 sacerdos
1533 4489 1669 4566 iste
1692 4549 1708 4576 ‚
1763 4499 2020 4594 nepos‘
2043 4487 2346 4565 alterius
2407 4485 2760 4593 Stephani
2816 4484 3213 4563 sacerdotis
3261 4484 3391 4592 qui
3450 4484 3653 4563 hunc

884 4729 902 4756 ⁰
949 4727 1279 4791 Adon-anias
1307 4730 1375 4792 B.
2390 4724 2410 4757 ⁷
2455 4724 2731 4810 Raynaldi
2762 4725 2830 4786 B.

2007 4916 2450 4928 ...ι-,Μ

888 5033 905 5064 ¹
951 5032 1238 5096 Manisaco
1265 5035 1334 5097 B.
1368 5034 1597 5098 Mamas·
1620 5035 1733 5099 SG.

3329 5173 3417 5227 ιδ.

3868 3989 3963 4043 Au.

3733 4085 3925 4140 1056-
3944 4087 4102 4156 1076.

3824 4270 3875 4314 B.
3903 4272 3998 4315 113.

3779 4344 3863 4389 SG.
3883 4360 3929 4404 p.
3955 4348 4050 4393 1⁶⁶.

3796 4422 3845 4465 C.
3867 4437 3911 4478 p.
3938 4425 4036 4467 158.
