4442 5769
1312 617 1943 692 MONASTERII
2006 620 2138 691 DE
2201 618 2830 695 BELLOLOCO.
3391 626 3487 698 33

665 783 1081 861 inveniatur
1125 800 1199 860 et
1240 811 1393 862 non
1441 785 1819 893 fragilibus
1866 788 2224 878 materiis,
2268 788 2469 895 ligno
2509 788 2818 878 scilicet,
2857 787 3024 866 feno
3065 807 3140 866 et
3175 790 3485 895 stipula,

664 912 1095 990 mortalium
1151 914 1492 992 videlicet
1550 916 1998 995 detrimento
2055 946 2400 1025 operum,
2450 934 2962 996 constructum
2989 978 3006 1009 ,
3056 919 3134 995 in
3195 919 3491 996 modico

664 1043 1163 1120 comburatur.
1207 1044 1439 1149 Igitur
1466 1073 1605 1152 ego
1628 1046 1704 1122 in
1721 1047 1862 1124 Dei
1883 1049 2186 1124 nomine
2226 1047 2844 1136 ArchambalduS,
2884 1046 3087 1125 filius
3114 1046 3493 1154 quondam

663 1172 1007 1249 Rotberti
1041 1190 1116 1250 et
1151 1174 1510 1264 Mainell²‚
1548 1174 1858 1253 sollicita
1880 1193 2129 1254 mente
2164 1194 2610 1282 pertractans
2649 1176 2963 1284 qualiter
3004 1204 3092 1252 ex
3119 1176 3342 1253 rebus
3380 1203 3499 1251 ca-

664 1300 873 1378 ducis
922 1318 997 1378 et
1051 1304 1494 1381 transitoriis
1548 1323 1889 1411 sumptus
1933 1307 2157 1383 turris
2211 1307 2719 1413 virtutumque
2766 1305 3093 1413 praebere
3140 1305 3491 1395 valerem,

667 1431 875 1537 cujus
893 1432 1268 1539 gradibus,
1294 1434 1385 1510 ab
1413 1436 1616 1511 omni
1638 1436 2073 1544 contagione
2099 1438 2375 1513 terreni
2398 1437 2717 1543 pulveris
2738 1453 2999 1514 exutus
3023 1437 3501 1513 multimoda-

664 1591 814 1668 que
846 1561 1066 1639 sorde
1094 1564 1375 1667 peccati
1410 1565 1798 1654 immunis,
1844 1567 2089 1643 aulam
2130 1594 2469 1672 supernae
2507 1566 2816 1645 civitatis
2854 1594 3143 1644 merear
3182 1566 3492 1671 ingredi,

667 1691 854 1768 cedo
884 1692 978 1767 ad
1008 1691 1256 1769 locum
1283 1695 1411 1799 qui
1441 1712 1739 1772 vocatur
1763 1696 2252 1786 Belluslocus,
2287 1726 2528 1773 meam
2556 1697 2968 1787 ecclesiam,
3002 1726 3167 1803 quae
3197 1712 3497 1773 vocatur

663 1822 722 1896 F
724 1850 957 1910 avarS,
1001 1822 1132 1899 ubi
1164 1824 1564 1929 requiescit
1602 1854 1868 1932 corpus
1912 1829 1995 1903 B.
2038 1826 2368 1905 Marcelli
2421 1827 2780 1916 martiris,
2834 1855 3057 1933 quam
3101 1825 3344 1902 habeo
3399 1825 3496 1901 ad

668 1949 977 2028 feudum
1016 1952 1111 2028 de
1142 1952 1489 2031 Guidone
1531 1954 1653 2032 del
1683 1958 2017 2034 Lastors³
2058 1974 2132 2033 et
2161 1955 2257 2032 de
2295 1955 2765 2062 Engelsiane⁴
2796 1956 3114 2062 quadam
3156 1954 3490 2042 foemina,

669 2109 832 2188 quae
881 2081 1022 2158 suit
1067 2081 1216 2158 filia
1252 2084 1527 2191 Ugonis
1573 2085 1668 2160 de
1714 2085 2133 2174 Malemort;
2180 2102 2255 2162 et
2292 2085 2449 2190 ipse
2498 2086 2658 2190 Ugo
2700 2083 2961 2162 habuit
2999 2112 3160 2161 eam
3198 2083 3294 2161 ad
3333 2083 3495 2160 feu-

670 2211 851 2288 dum
907 2212 1000 2289 de
1050 2211 1310 2289 abbate
1358 2214 1568 2290 istius
1617 2213 1758 2291 loci
1810 2232 1883 2292 et
1932 2214 2140 2292 dedit
2187 2215 2264 2290 in
2311 2212 2805 2291 hereditatem
2854 2213 3021 2290 filiae
3061 2242 3209 2291 suae
3258 2211 3496 2317 Ingel-

667 2342 902 2418 sianae.
941 2343 1171 2420 Sicuti
1212 2361 1420 2449 pater
1443 2373 1656 2421 meus
1685 2345 1947 2422 habuit
1973 2345 2186 2421 istam
2220 2342 2601 2421 ecclesiam
2631 2345 2726 2421 ad
2755 2343 3067 2420 feudum
3104 2344 3316 2451 [alias
3346 2375 3369 2417 .·
3401 2341 3495 2418 ad

668 2471 950 2577 fevum]
994 2489 1066 2549 et
1105 2473 1352 2549 tenuit
1393 2473 1486 2550 de
1527 2474 1714 2564 istis,
1762 2493 1836 2553 et
1872 2475 2121 2553 omnia
2161 2503 2327 2580 quae
2366 2474 2460 2549 ad
2500 2474 2732 2579 ipsam
2773 2474 3179 2579 pertinent,
3234 2491 3308 2550 et
3356 2501 3493 2579 ego

669 2601 910 2678 babeo
944 2619 1018 2677 et
1045 2619 1297 2692 teneo,
1328 2619 1572 2680 totum
1605 2622 1679 2680 et
1702 2604 1797 2681 ad
1822 2604 2231 2712 integrum,
2263 2603 2559 2680 dimitto
2590 2604 2775 2694 Dee,
2811 2603 2885 2681 S.
2912 2606 3131 2681 Petro
3155 2602 3501 2710 Belli[lo]·

670 2734 904 2809 censis
933 2732 1252 2809 coenobii
1281 2749 1358 2810 et
1388 2732 1772 2811 monachis
1799 2735 2085 2812 ibidem
2116 2736 2277 2812 Deo
2309 2735 2821 2824 servientibus,
2856 2763 2992 2841 pro
3023 2736 3267 2812 anima
3298 2763 3492 2823 mea,

667 2863 892 2968 patris
929 2862 1076 2940 mei
1120 2880 1194 2940 et
1236 2864 1486 2942 matris
1525 2894 1744 2957 meae,
1791 2882 1864 2942 et
1908 2864 2117 2973 [pro]
2170 2863 2517 2976 fratribus
2558 2865 2780 2955 meis,
2835 2865 3118 2942 scilicet
3154 2865 3375 2943 Petro
3428 2879 3502 2940 et

674 2994 1027 3083 MartinO,
1070 2993 1436 3072 Rannulso
1489 3012 1562 3071 et
1610 2994 1929 3073 Geraldo
1980 3013 2053 3071 et
2106 2996 2516 3085 Bernardo,
2581 3014 2656 3072 et
2710 2996 3055 3072 omnium
3109 3012 3498 3100 parentum

673 3152 1052 3212 meorum3
1105 3124 1180 3198 in
1206 3124 1336 3199 tali
1368 3125 1873 3203 convenientia
1924 3140 2038 3214 ut,
2082 3123 2286 3200 omni
2328 3151 2552 3212 anno,
2593 3140 2758 3227 post
2794 3124 2995 3199 diem
3029 3122 3277 3199 obitus
3310 3123 3495 3211 mei,

676 3252 840 3361 [de]
890 3252 1269 3330 monachis
1306 3254 1386 3329 in
1420 3254 1560 3331 isto
1600 3253 1766 3331 loco
1803 3256 1963 3332 Deo
2004 3253 2488 3331 servientibus
2534 3254 2674 3330 iste
2712 3253 2840 3359 qui
2882 3251 3071 3329 hanc
3118 3251 3499 3329 ecclesiam

672 3384 1033 3472 tenuerit,
1080 3384 1383 3489 recipiat
1421 3382 1824 3462 monachos
1861 3401 1935 3461 et
1974 3411 2235 3461 omnes
2275 3384 2582 3461 clericos
2618 3411 2975 3489 pauperes
3015 3383 3111 3460 de
3154 3383 3296 3461 hoc
3338 3410 3501 3459 mo-

675 3513 1031 3600 nasteriO,
1078 3531 1150 3588 et
1183 3540 1306 3590 xm
1337 3542 1700 3620 pauperes
1728 3514 1889 3618 ipso
1928 3513 2048 3590 die
2088 3511 2355 3590 faciant
2390 3511 2715 3619 vigiliam
2743 3511 3042 3619 plenam
3065 3530 3140 3589 et
3162 3511 3498 3589 classum.

675 3644 840 3720 Haec
874 3644 1121 3720 omnia
1150 3644 1489 3750 superius
1518 3644 1889 3723 nominata
1913 3644 2098 3721 cedo
2126 3644 2287 3721 Deo
2312 3661 2382 3720 et
2410 3644 2484 3721 S.
2508 3644 2726 3720 Petro
2751 3643 2827 3719 in
2850 3642 2972 3719 tali
3001 3642 3505 3720 convenientia

676 3791 785 3861 ut,
831 3773 1164 3879 quandiu
1189 3773 1471 3862 vixero,
1502 3791 1830 3861 teneam,
1863 3789 2033 3879 post
2062 3790 2383 3850 mortem
2412 3801 2586 3851 vero
2624 3800 2866 3849 meam
2909 3774 2982 3851 S.
3016 3775 3238 3850 Petro
3267 3801 3504 3849 rema-

676 3887 917 3979 neffist.
946 3903 1135 3980 Sane
1157 3903 1219 3979 si
1242 3931 1379 4008 ego
1399 3904 1556 4008 ipse
1573 3965 1589 3995 ,
1615 3903 1997 3981 immutate
2019 3903 2385 3981 voluntate
2413 3931 2575 3980 mea
2591 3965 2609 3992 ,
2644 3921 2771 3979 aut
2797 3902 2994 3980 ullus
3012 3902 3232 3980 heres
3258 3931 3501 3991 meus,

676 4032 788 4108 vel
828 4031 1094 4138 aliquis
1132 4060 1355 4138 super
1404 4048 1680 4108 terram
1718 4030 1949 4110 homo
1986 4032 2255 4120 vivens,
2300 4049 2553 4109 contra
2586 4033 2781 4109 hunc
2813 4032 3117 4109 titulum
3158 4032 3506 4109 cessionis

680 4162 1000 4268 aliquam
1060 4162 1500 4239 calumniam
1566 4161 1836 4239 inferre
1900 4163 2320 4250 tentaverit,
2382 4181 2512 4238 aut
2558 4162 2754 4240 ullus
2812 4163 3117 4240 vicarius
3164 4162 3502 4239 vicariam

681 4292 1100 4398 requisierit
1147 4320 1282 4369 nec
1323 4291 1556 4368 ullam
1609 4292 2228 4381 dominationem,
2274 4292 2623 4370 omnibus
2668 4322 2832 4399 quae
2877 4290 3186 4368 inveniri
3224 4289 3506 4394 possint

680 4420 1325 4500 maledictionibus
1379 4422 1782 4529 subjaceat,
1838 4440 1912 4500 et
1968 4423 2268 4528 insuper
2325 4422 2718 4529 apostolica
2780 4420 3210 4497 auctoritate
3260 4435 3505 4496 sancta

679 4551 815 4628 Dei
860 4550 1185 4629 Ecclesia
1245 4569 1634 4629 extraneus
1684 4552 2021 4641 effectus,
2077 4554 2154 4628 in
2206 4552 2332 4629 illo
2383 4570 2655 4630 aeterno
2718 4551 2885 4657 igne
2944 4565 3316 4625 mereatur
3356 4565 3515 4626 tor-

764 4761 786 4791 ²
828 4761 921 4822 sic
940 4761 1004 4822 C.
1029 4762 1160 4825 Μα.
1188 4810 1203 4824 .
1233 4810 1243 4821 .
1277 4763 1344 4824 Β.
1370 4763 1531 4825 deest
1550 4761 1660 4824 SG.
1687 4762 1760 4822 Et
1791 4761 2024 4842 Mqinell
2255 4762 2277 4794 ⁴¹
2321 4764 2512 4839 Quam
2569 4759 2765 4821 Guido
2822 4759 2898 4820 de
2946 4759 3217 4821 Lastours
3276 4780 3515 4820 uxorem

683 4864 896 4925 desunt
921 4864 1029 4927 Ch.
2172 4864 2352 4926 duxit.
2375 4862 2705 4948 Danqelsina
2720 4860 2833 4923 SG.
2860 4862 3229 4946 Danqalsinnu
3251 4861 3315 4923 B.
3331 4859 3517 4921 D’An-

607 4975 618 4985 ‘
768 4964 789 4995 ³
835 4966 917 5027 De
952 4966 1205 5029 Lastours
1237 4968 1302 5029 B.
1336 4978 1394 5029 et
1425 4967 1535 5033 SG.
1568 4969 1651 5028 ibi
1675 4978 1734 5028 et
1760 4967 2019 5030 inferius.
2170 4967 2404 5049 qelsiane
2426 4965 2532 5027 Ch.
2556 4964 2805 5026 Inferius
2832 4965 3108 5050 Inqeae’sias.

3188 5104 3217 5154 5
