4442 5769
510 2471 591 2662 035?

608 2487 664 2677 '920ss

611 2175 704 2226 An.

932 588 1074 665 164
1932 593 2738 669 CHARTULARIUM

922 771 1031 834 tra
1058 757 1274 834 istam
1296 776 1568 879 cartam
1586 760 1741 866 jam
1763 760 2108 866 scriptam
2148 760 2243 838 de
2268 761 2423 867 ipsa
2453 780 2648 839 terra
2678 762 2785 841 ire
2807 781 2934 840 aut
2961 764 3373 871 inquietare
3398 767 3746 857 voluerit,

923 888 1261 995 inprimis
1299 889 1484 966 iram
1519 889 1661 967 Dei
1703 891 2234 995 omnipotentis
2270 893 2628 980 incurrat,
2658 909 2739 970 et
2764 893 2975 1000 quod
3002 895 3188 999 petit
3219 924 3373 972 non
3404 897 3746 974 vindicet.

925 1020 998 1099 S.
1042 1018 1374 1097 Rotberti
1418 1037 1493 1097 et
1535 1021 1671 1097 filii
1712 1022 1827 1098 sui
1869 1022 2090 1101 Petri.
2144 1023 2505 1102 Similiter
2552 1024 2711 1131 Ugo
2770 1025 2863 1102 de
2908 1024 3249 1105 Gardella
3302 1026 3608 1105 dimittit
3657 1028 3750 1106 de

924 1149 1185 1227 vicaria
1222 1149 1300 1229 S.
1343 1151 1536 1227 Petri
1575 1150 1722 1229 hoc
1759 1152 1968 1258 quod
2003 1151 2327 1231 habebat
2364 1154 2438 1230 in
2477 1164 2761 1232 mansoss

2245 1734 2432 1809 cxl.

1111 1939 1464 2021 [Concordia
1484 1942 1638 2002 inter
1664 1938 1985 2003 Gen-aldum
2014 1951 2072 2001 et
2093 1941 2449 2002 Aimericum
2477 1940 2712 2002 abbates
2740 1941 2936 2002 habita
2965 1941 3042 2003 de
3068 1953 3219 2003 terra
3248 1943 3560 2028 Apuleia]

1031 2175 1404 2268 Quoniam
1431 2174 1655 2281 igitur
1682 2177 1892 2253 omni
1921 2174 2458 2254 catholicorum
2496 2175 2908 2254 collectioni
2950 2176 3146 2282 pacis
3181 2175 3747 2254 conciliabulum

744 2287 825 2320 '¹'
919 2306 1417 2413 unanimoque
1455 2305 1931 2383 concordiam
1965 2305 2426 2383 ascicendam
2454 2331 2608 2383 non
2642 2305 3106 2397 dubitamus3
3139 2305 3607 2412 potissimum
3628 2335 3749 2385 au-

679 2474 757 2665 ξ-ε.

723 2474 776 2662 ..⁸:9-

783 2575 796 2588 .

919 2454 1075 2513 tem
1111 2454 1262 2512 tam
1298 2434 1849 2541 religiosorum,
1894 2450 2047 2511 tam
2088 2434 2441 2512 abbatum
2478 2464 2701 2543 quam
2751 2435 3319 2524 monachorum,
3377 2437 3749 2514 actionum

922 2565 1305 2671 dispositio
1344 2564 1699 2642 virtutum
1741 2563 2174 2670 exemplaris
2211 2565 2687 2670 perlucescat.
2722 2568 2806 2642 ln
2833 2568 3136 2644 nomine
3160 2584 3422 2643 sanctae
3455 2585 3530 2644 et
3556 2567 3751 2643 indi-

923 2693 1158 2772 viduae
1177 2695 1589 2784 Trinitatis,
1615 2693 2012 2782 Geraldus,
2047 2693 2647 2773 Bellilocensium
2673 2695 2929 2784 abbas,
2954 2696 3372 2773 Raimundo
3388 2702 3435 2784 ¹,
3467 2697 3749 2774 Toren-

920 2827 1262 2914 nensiutn
1289 2824 1717 2904 vicecomite
1735 2887 1752 2917 ,
1782 2822 2225 2914 mediatore,
2263 2842 2336 2903 et
2367 2824 2592 2903 abbas
2620 2824 3031 2903 Aimericus
3057 2824 3256 2904 Casae
3276 2825 3450 2915 Dei,
3478 2842 3748 2903 terram

921 2986 1084 3064 quae
1113 2957 1388 3035 dicitur
1417 2955 1779 3062 Apaleirs,
1823 2983 1994 3032 cum
2033 2954 2382 3033 omnibus
2420 2953 2515 3031 ad
2552 2985 2631 3032 se
2660 2957 3238 3062 pertinentibus,
3271 2957 3520 3061 partiti
3545 2974 3743 3044 sunt,

919 3088 1056 3165 hac
1085 3087 1429 3166 videlicet
1466 3086 1888 3165 conditione
1929 3102 2012 3162 ut
2038 3084 2400 3192 quicquid
2429 3103 2729 3163 eatenus
2756 3085 3271 3163 Bellilocenses
3298 3085 3644 3162 monachi
3672 3087 3749 3162 in

917 3218 1265 3324 praedicta
1303 3236 1498 3296 terra
1537 3244 2018 3323 quocumque
2057 3215 2288 3294 modo
2327 3217 2715 3321 proprium
2748 3215 3186 3322 habuerant,
3224 3215 3526 3293 omnino
3560 3214 3749 3292 libe·
3818 3319 3825 3324 -

921 3377 1091 3425 rum
1130 3348 1571 3426 obtinerent.
1621 3345 1928 3450 Reliqua
1969 3372 2144 3421 vero
2184 3374 2349 3451 quae
2386 3345 2803 3422 Bernardus
2842 3344 2936 3421 de
2984 3344 3274 3423 Chanac
3320 3343 3397 3418 in
3444 3346 3747 3450 proprio

918 3493 1292 3566 tenuerat,
1333 3476 1449 3552 vel
1486 3473 1608 3551 alii
1650 3503 1737 3550 ex
1772 3502 1862 3551 eo
1902 3473 2346 3560 habuerant,
2390 3490 2622 3551 terras
2650 3473 2994 3551 videlicet
3033 3473 3265 3550 cultas
3295 3491 3369 3550 et
3396 3473 3743 3563 incultas,

922 3606 1243 3696 arbusta,
1305 3605 1586 3693 vineas,
1647 3620 1885 3708 prata,
1948 3603 2427 3710 rivorumque
2495 3603 2881 3697 decursus,
2938 3632 3103 3709 quae
3167 3603 3414 3680 omnia
3472 3605 3749 3711 integra

921 3735 996 3812 S.
1040 3734 1393 3812 Rotberto
1441 3733 1536 3810 de
1587 3732 1773 3811 Casa
1826 3733 1966 3813 Dei
2008 3760 2436 3839 quanquam
2489 3732 2763 3839 injuste
2817 3761 2987 3810 cum
3035 3732 3391 3810 alumodo
3435 3734 3511 3811 S.
3554 3733 3747 3809 Petri

922 3882 1169 3946 essent
1184 3925 1204 3955 ‚
1221 3864 1716 3969 relinquendo
1731 3924 1749 3954 ‚
1776 3863 2084 3941 dederat
2103 3862 2496 3968 praedictus
2512 3861 2963 3951 Bernartius,
2993 3864 3070 3938 in
3090 3863 3279 3940 duo²
3299 3891 3505 3968 aequa
3531 3891 3747 3967 supra

921 3996 1150 4074 notati
1183 3995 1483 4073 abbates
1517 3994 1978 4084 diviserunt³‚
2013 4011 2127 4083 ut,
2160 3995 2549 4100 utriusque
2581 3993 2866 4071 abbatis
2895 4019 3183 4071 summa
3210 3992 3699 4070 benivolentia
3716 3999 3745 4039 ⁴

920 4144 1364 4234 comparata,
1408 4125 1631 4204 altera
1669 4152 1838 4229 pars
1874 4126 1954 4201 Β.
1996 4123 2356 4202 Rotberto
2393 4124 2720 4213 cederet,
2764 4123 2984 4200 altera
3023 4151 3197 4200 vero
3234 4124 3315 4199 B.
3357 4124 3576 4198 Petro
3626 4121 3745 4197 cui

921 4277 1163 4338 totum
1205 4285 1365 4336 esse
1401 4254 1658 4344 debet,
1701 4254 1779 4330 in
1815 4270 2174 4360 perpetuo
2203 4272 2645 4330 remaneret.
2681 4254 2758 4332 S.
2797 4251 3096 4330 Geraldi
3139 4250 3421 4328 abbatis
3451 4249 3749 4328 Bellilo-

925 4391 1318 4467 censium⁵.
1363 4388 1438 4465 S.
1473 4384 1820 4463 Aimerici
1861 4384 2042 4463 Casa
2067 4383 2207 4461 Dei
2240 4383 2584 4461 abbatis⁶.
2620 4383 2698 4461 S.
2736 4380 3133 4460 Raimundi
3163 4383 3529 4458 Torennae
3558 4381 3745 4457 vice-

2494 4624 2513 4654 ⁵
2554 4623 2840 4687 Ges-aldus
2896 4622 3276 4685 Bellilocense
3331 4624 3745 4683 monasterium

2408 4729 2555 4791 rexit
2595 4727 2853 4787 abanno
2891 4745 3045 4810 ¹097
3091 4725 3167 4786 ad
3199 4745 3334 4786 ann.
3376 4734 3745 4808 1119ccrte.

1005 4628 1018 4656 ¹
1067 4626 1412 4710 Raymundo
1436 4629 1627 4711 primo
1656 4627 1911 4689 nomine.

1003 4731 1024 4759 ²
1069 4729 1241 4790 Domo
1267 4730 1605 4810 supr-avocati
1630 4730 1833 4791 abbatis
1851 4728 1962 4793 SG.

1005 4832 1022 4860 ³
1067 4830 1398 4891 Dimioerant
1421 4830 1561 4892 false
1588 4832 1655 4893 B.
1682 4843 1741 4893 et
1765 4830 1877 4894 SG.
2408 4841 2468 4891 et
2494 4829 2641 4891 forte
2667 4827 2744 4888 ad
2771 4849 2905 4888 ann.
2938 4850 2961 4887 ι
2982 4828 3115 4890 ι30.

1004 4932 1023 4963 ⁴
1068 4934 1257 4997 Locus
1277 4945 1584 5018 corruptus
1604 4933 1718 4997 SG.
2495 4931 2514 4960 ⁸
2560 4930 2881 4992 Aimericus
2941 4929 3272 4990 coenobium
3321 4928 3480 4990 Cam
3528 4927 3636 4988 Dei
3685 4927 3745 4998 in
