4442 5769
1393 584 2025 659 MONASTERII
2089 585 2220 657 DE
2285 581 2917 656 BELLOLOCO.
3480 579 3565 647 17

732 755 1064 867 praedicti
1106 751 1547 830 venerabilis
1580 753 1716 830 viri
1747 752 2141 859 postulatio
2176 768 2263 830 ut
2297 753 2712 859 pleniorem
2750 751 2827 827 in
2865 750 3004 828 Dei
3042 749 3345 826 nomine
3381 748 3575 825 obti-

731 906 904 968 neat
942 887 1309 993 vigorem,
1346 902 1419 960 et
1458 913 1498 960 a
1536 884 1804 962 futuris
1839 884 2391 962 successoribus
2430 883 2703 961 nostris
2752 881 2995 958 verius
3028 879 3398 968 credatur,
3442 907 3570 954 an-

734 1019 892 1097 nuli
931 1017 1162 1094 nostri
1193 1016 1682 1121 impressione
1711 1016 2071 1122 jussimus
2102 1014 2424 1120 sigillari.
3031 994 3074 1035 ⁹

849 1149 1158 1255 Signum
1202 1145 1543 1235 KaroluS‚
1585 1145 2100 1252 gloriosissimi
2126 1144 2375 1222 Karoli
2414 1144 2673 1249 regis⁷.
3671 1247 3678 1255 .

844 1279 1069 1356 Data⁸
1094 1303 1184 1355 xv
1209 1274 1553 1353 kalendas
1584 1275 1793 1383 julii,
1835 1276 2243 1354 indictione
2283 1302 2413 1364 vn,
2457 1301 2653 1350 anno
2688 1299 2884 1351 xvnn
2917 1287 3267 1376 regnante
3302 1267 3571 1346 Karolo

733 1437 905 1516 rege
937 1407 1493 1515 gloriosissimo.

847 1537 1113 1615 Actum
1146 1537 1467 1615 Tusiaco
1497 1566 1715 1643 supra
1754 1539 2068 1623 Mosam,
2106 1537 2180 1612 in
2220 1536 2360 1613 Dei
2403 1534 2708 1612 nomine
2740 1531 3073 1610 feliciter.
3118 1531 3375 1608 Amen.

1138 2364 1553 2445 [privilegium
1582 2365 1771 2447 Pipini
1800 2363 1950 2446 regis
1979 2362 2052 2424 de
2079 2362 2317 2431 Telido,
2348 2360 2590 2424 Ginesto
2620 2372 2678 2422 et
2705 2361 2966 2423 Aviciaco
2995 2360 3175 2443 villa.]

850 2580 1229 2684 Pipinus2,
1281 2579 1668 2657 ordinante
1711 2579 1969 2656 divinae
2027 2580 2425 2687 majestatis
2481 2581 2740 2686 gratia,
2801 2546 3379 2686 Aquitanorum³
3425 2607 3574 2656 rex.
3662 2599 3728 2651 ²9
3757 2579 3858 2653 jul.
3893 2582 4018 2638 862·

740 2708 1025 2815 Regalis
1068 2708 1524 2787 celsitudinis
1563 2713 1790 2787 moris
1822 2727 1932 2787 est
1958 2707 2220 2787 fideles
2245 2739 2417 2787 suos
2450 2710 2665 2786 donis
2693 2708 3223 2816 multiplicibus
3254 2726 3326 2785 et
3353 2709 3583 2787 hono·
3622 2767 3671 2812 Β
3685 2780 3770 2824 Ρ,
3754 2687 3926 2863 '⁴3⁶⁸
3943 2780 4013 2823 Ρ,,
4001 2768 4065 2807 ‚o

740 2839 949 2917 ribus
981 2839 1406 2947 ingentibus
1434 2839 1805 2920 honorare
1828 2858 2049 2946 atque
2079 2839 2507 2918 sublimare.
2538 2839 2859 2918 Proinde
2881 2868 3166 2920 morem
3191 2857 3579 2949 parentum
3744 2822 3789 2865 ⁰
3810 2837 3891 2880 ¹''¹

741 2998 999 3076 regum
1039 2969 1384 3047 videlicet
1419 2971 2051 3076 praedecessorum
2089 2988 2517 3050 nostrorum
2561 2988 2987 3075 sequentes,
3032 2970 3252 3048 libuit
3290 2969 3584 3048 celsitu-

744 3100 902 3176 dini
927 3119 1197 3177 nostrae
1215 3100 1594 3207 quendam
1614 3099 1917 3175 fidelem
1941 3116 2302 3186 nostrum,
2326 3097 2774 3176 Rodulfum‘*
2793 3101 3096 3176 nomine
3113 3160 3130 3186 ‚
3159 3099 3253 3175 de
3276 3099 3583 3206 quibus-

744 3227 914 3305 dam
955 3229 1185 3307 rebus
1221 3247 1487 3307 nostrae
1521 3229 1991 3335 proprietatis
2027 3229 2435 3320 honorare,
2480 3246 2696 3335 atque
2728 3229 2804 3305 in
2847 3231 3002 3337 ejus
3026 3230 3220 3337 juris
3264 3247 3582 3338 potesta-

740 3377 892 3436 tem
934 3358 1399 3437 liberalitatis
1438 3376 1703 3435 nostrae
1739 3358 2046 3465 gratiam
2096 3358 2455 3436 conferre.
2491 3357 2777 3435 Idcirco
2803 3360 3090 3436 noverit
3134 3361 3582 3468 experientia

741 3506 967 3595 atque
1009 3487 1378 3564 industria
1418 3490 1752 3566 omnium
1790 3487 2129 3566 fidelium
2163 3507 2619 3579 nostrorum,
2657 3506 2808 3566 tam
2845 3492 3315 3595 praesentium
3353 3520 3578 3598 quam

740 3618 1208 3708 futurorum,
1236 3620 1412 3725 quia
1443 3621 1917 3697 concedimus
1943 3620 2189 3697 eidem
2212 3618 2417 3698 fideli
2446 3638 2731 3710 nostro,
2762 3620 3082 3698 Rodulfo
3114 3622 3449 3712 nomine,
3486 3622 3578 3698 ad

742 3749 1159 3855 proprium,
1175 3751 1532 3854 quasdam
1559 3780 1677 3827 res
1687 3753 1878 3860 juris
1892 3752 2148 3842 nostri,
2173 3780 2337 3858 quae
2357 3770 2530 3829 sunt
2544 3753 2695 3828 sitae
2717 3752 2794 3828 in
2817 3751 2996 3829 orbe
3018 3753 3540 3830 Lemovicense
3558 3811 3576 3839 ,

747 3879 822 3954 in
849 3906 1039 3986 pago
1062 3879 1549 3971 Asenacense‚
1577 3883 1656 3958 in
1677 3882 1944 3992 Telido
1968 3881 2165 3971 villa,
2191 3911 2532 3959 mansum
2558 3911 2822 3971 unum,
2847 3899 2924 3959 et
2941 3887 3208 3960 terras⁵
3229 3913 3392 3990 quae
3412 3903 3584 3960 sunt

828 4078 848 4109 ⁹
892 4081 988 4143 Sic
1030 4081 1096 4143 C.
1130 4082 1188 4145 S.
1248 4082 1491 4145 Carolus.
1548 4083 1927 4146 Gloriosissimi
1986 4084 2087 4145 Ca·
2326 4083 2346 4114 ⁸
2388 4083 2483 4145 Sic
2513 4084 2578 4154 B,
2594 4096 2652 4145 et
2675 4084 2780 4145 Ch.
2803 4085 2978 4147 Facta
2998 4084 3112 4147 SG.

751 4183 855 4243 mli
884 4186 1050 4268 reyis,
1083 4184 1196 4247 SG.
1222 4186 1279 4246 S.
1316 4185 1581 4248 Chamlas
1607 4189 1674 4248 B.

831 4423 847 4454 ¹
898 4426 979 4487 Ex
998 4448 1136 4487 mss.
1160 4427 1228 4487 B.
1249 4425 1357 4490 CS.
1375 4427 1446 4488 G.
1479 4441 1536 4489 et
1565 4429 1895 4513 apographo
1916 4429 2089 4491 Ches-
2324 4429 2346 4460 ²
2391 4432 2631 4515 Pipinus
2652 4431 2942 4492 secundus
2963 4432 3216 4492 nomine.

746 4528 1098 4600 nianojnter
1120 4528 1358 4591 schedas
1380 4533 1504 4615 ejus
1520 4531 1659 4591 chri
1680 4534 1814 4600 viri,
1851 4545 1887 4593 t.
1908 4533 2067 4593 XXII
2075 4582 2087 4602 ‚
2326 4533 2346 4562 ³
2391 4534 2704 4615 Aquitania!
2725 4532 2842 4595 SG.

745 4628 844 4689 fol.
869 4630 1008 4692 325.
1044 4632 1171 4692 Hoc
1196 4631 1457 4716 diploma
1471 4636 1596 4716 jam
1617 4634 1917 4717 vulgatum
1943 4646 2029 4696 est
2057 4658 2089 4695 a
2327 4634 2349 4666 ⁴
2393 4635 2680 4697 Rodulsus
2725 4648 2866 4696 tunc
2902 4636 3081 4698 abbas
3103 4648 3330 4699 tantum
3362 4637 3587 4700 Solem·

745 4731 815 4792 D.
860 4732 1132 4815 Bouquet
1161 4734 1319 4817 apud
1351 4734 1548 4818 Scrip‘t.
1580 4758 1683 4798 nr.
1723 4738 1815 4798 Fr.
1860 4750 1895 4798 t.
1928 4721 2105 4807 vlu.
2251 4740 2632 4806 niacensis.ut
2650 4759 2971 4812 censemus,
2993 4753 3191 4826 postea
3212 4742 3586 4804 Bituricensis

747 4855 801 4914 p.
848 4834 988 4897 356.
1043 4838 1394 4920 Fragmenta
1427 4852 1650 4901 exstant
1693 4840 1850 4925 apud
1886 4841 2087 4903 Justel.
2250 4842 2730 4926 archiepiscopus.
2756 4843 3156 4923 (Videsisinfra
3176 4845 3432 4905 chartam
3454 4849 3579 4925 vn.)

748 4934 890 4997 Hist.
920 4941 1126 5021 qensal.
1160 4941 1399 5022 Tarona.
1427 4965 1514 5026 pr.
1548 4963 1604 5027 p.
1646 4965 1739 5005 10.
2329 4931 2348 4974 ⁵
2401 4945 2528 5005 Tres
2554 4944 2699 5005 Just.

3256 5090 3286 5143 3
