4442 5769
883 557 1034 631 228
1607 605 1638 630 ⁴
1897 553 2702 632 CHARTULARIUM

877 723 1106 811 siaco,
1146 724 1718 830 capmansionile
1758 743 2093 803 nostrum
2121 726 2774 814 indominicatum,
2810 753 2982 801 cum
3015 723 3179 828 ipso
3206 738 3403 808 orto,
3437 738 3518 798 et
3544 750 3720 798 cum

878 853 1057 959 ipsis
1085 855 1319 933 vineis
1351 874 1426 933 et
1450 885 1624 933 cum
1659 857 1838 962 ipsis
1865 855 2086 935 triliis
2119 856 2707 946 indominicatis,
2741 855 2819 933 et
2844 881 3018 931 cum
3053 851 3347 929 duabus
3377 851 3606 931 vineis
3637 853 3715 928 in

875 986 1036 1088 ipso
1065 984 1264 1075 1000,
1294 1014 1486 1091 quos
1515 986 1609 1064 de
1638 985 2001 1095 Ingelerio
2027 986 2528 1064 concambiavi
2557 1014 2696 1095 ego
2722 983 3110 1094 Rigaldu83
3132 999 3208 1059 et
3234 983 3314 1058 in
3339 982 3493 1087 ipsa
3516 980 3710 1072 villa,

874 1142 1220 1193 mansum
1262 1116 1357 1193 de
1392 1116 1728 1194 Cornilio
1767 1115 1901 1193 uhi
1940 1117 2390 1195 Benedictus
2418 1132 2703 1204 manet,
2737 1143 2909 1192 cum
2937 1114 3199 1200 bosco,
3238 1140 3412 1190 cum
3443 1112 3710 1198 vineis,

877 1272 1051 1320 cum
1089 1246 1312 1322 terris
1350 1244 1565 1323 cultis
1605 1262 1678 1323 et
1717 1244 2052 1335 incultis,
2106 1261 2183 1323 et
2226 1263 2906 1353 quantumcumque
2946 1243 3042 1320 ad
3081 1243 3325 1348 ipsum
3368 1269 3712 1319 mansum

877 1373 1270 1476 pertinere,
1299 1374 1616 1451 videtur.
1666 1375 1808 1451 Ista
1855 1402 2030 1453 vero
2079 1376 2332 1453 omnia
2372 1374 2717 1480 superius
2762 1373 3142 1452 nominata
3189 1399 3323 1477 per
3361 1371 3521 1447 loca
3579 1373 3712 1448 de-

880 1501 1189 1608 signata,
1242 1520 1486 1580 totum
1538 1521 1617 1580 et
1660 1505 1755 1580 ad
1802 1505 2207 1611 integrum,
2262 1505 2424 1582 Deo
2468 1504 2803 1581 salvatori
2859 1503 3199 1580 omnium
3255 1519 3331 1578 et
3378 1503 3451 1577 S.
3494 1501 3710 1577 Petro

879 1630 1297 1721 offerimus,
1339 1633 1418 1708 in
1459 1633 1849 1739 stipendiis
1889 1634 2466 1725 monachorum,
2510 1633 2637 1711 tali
2676 1633 2990 1710 ratione·
3014 1648 3132 1719 ut,
3187 1630 3524 1737 quandiu
3572 1658 3711 1737 ego

878 1760 1232 1867 Rigaldus
1281 1779 1358 1837 et
1404 1760 1604 1839 filius
1647 1789 1864 1840 meus
1902 1762 2266 1842 Geraldus
2305 1763 2835 1849 advixerimus,
2886 1777 3308 1849 teneamus,
3364 1777 3439 1836 et
3494 1760 3711 1835 annis

877 1890 1220 1997 singulis,
1261 1893 1357 1970 ad
1393 1891 1864 1971 festivitatem
1906 1894 1981 1971 S.
2019 1893 2351 2006 Martini,
2392 1894 2488 1971 de
2538 1892 2848 1970 ecclesia
2889 1892 2985 1969 de
3015 1890 3203 1970 Cros
3238 1907 3393 1967 tres
3432 1888 3712 1966 solidos

756 2099 762 2106 ,
875 2047 1103 2100 censu
1152 2021 1588 2114 reddamus,
1637 2023 1732 2099 de
1784 2022 1962 2128 ipsis
2010 2024 2287 2101 mansis
2327 2022 2668 2101 modium
2726 2050 2749 2099 1
2801 2021 2896 2098 de
2947 2045 3276 2108 annona,
3330 2046 3468 2124 pro
3515 2020 3708 2095 hau-

873 2168 1091 2228 rento
1131 2153 1485 2231 sextarios
1525 2153 1717 2230 duos
1752 2153 1847 2230 de
1882 2153 2086 2242 vino,
2126 2180 2266 2259 pro
2306 2153 2424 2230 his
2458 2151 2686 2230 rebus
2725 2152 2820 2228 de
2861 2151 3224 2229 Caissiaco
3264 2148 3358 2225 ad
3387 2176 3709 2253 praesens

875 2277 1215 2359 denarios
1263 2310 1389 2359 sex
1442 2283 1537 2358 de
1588 2283 1798 2359 vinea
1846 2283 1925 2359 in
1974 2282 2107 2362 illo
2157 2283 2442 2375 clauso,
2493 2299 2663 2388 post
2708 2298 3050 2359 nostrum
3099 2307 3404 2386 quoque
3451 2278 3711 2355 ambo—

871 2439 1038 2487 rum
1074 2411 1482 2500 dicessum,
1516 2429 1761 2490 totum
1796 2429 1872 2490 et
1910 2412 2005 2490 ad
2045 2413 2424 2521 integrum
2466 2415 2546 2490 in
2581 2411 2922 2490 dominio
2950 2413 3027 2490 S.
3060 2411 3264 2487 Petri
3295 2425 3703 2497 remaneat,

871 2539 1085 2618 nullo
1114 2533 1697 2630 contradicente3
1730 2569 2033 2619 mansus
2059 2570 2236 2620 vero
2266 2542 2360 2621 de
2393 2541 2728 2621 Cornilio
2748 2542 2908 2649 jam
2941 2541 3218 2631 dictus,
3251 2541 3706 2648 qualiscum-

869 2697 1018 2774 que
1057 2685 1188 2746 aut
1220 2696 1360 2778 ego
1399 2669 1750 2778 Rigaldus
1790 2688 1919 2748 aut
1955 2670 2153 2748 filius
2192 2700 2411 2749 meus
2448 2671 2816 2751 Geraldus
2852 2671 3140 2778 primus
3169 2671 3473 2760 obierit,
3515 2696 3708 2746 sem·-

866 2826 1007 2905 per
1036 2798 1133 2876 ad
1160 2826 1481 2907 praesens
1501 2802 1576 2878 S.
1601 2801 1819 2878 Petro
1842 2800 1960 2877 sit.
1996 2802 2188 2879 Sane
2218 2802 2281 2879 si
2313 2803 2517 2910 quis,
2548 2830 2690 2880 nos
2712 2802 2888 2909 ipsi,
2912 2803 3304 2878 immutata
3327 2800 3705 2878 voluntate

865 2948 1151 3018 nostra,
1179 2948 1306 3009 aut
1349 2931 1497 3009 ulla
1526 2932 1857 3010 immissa
1896 2961 2213 3039 persona
2248 2952 2501 3012 contra
2541 2933 2733 3010 hanc
2771 2933 3186 3010 cessionem
3222 2949 3554 3009 nostram
3579 2932 3708 3009 ali-

864 3088 1093 3165 quam
1120 3060 1567 3140 calumniam
1597 3090 1955 3170 generare
1981 3063 2333 3150 voluerit,
2367 3064 2906 3169 omnipotentis
2943 3063 3083 3141 Dei
3114 3064 3303 3139 iram
3342 3062 3698 3150 incurrat,

865 3208 941 3267 et
964 3192 1301 3269 omnium
1331 3211 1783 3271 sanctorum.
1817 3195 1910 3271 Et
1944 3194 2002 3272 si
2040 3192 2245 3273 ullus
2282 3192 2513 3271 fuerit
2548 3209 2817 3283 rector,
2852 3192 3078 3271 abbas
3108 3192 3225 3270 vel
3260 3193 3697 3278 monachus,

861 3321 994 3426 qui
1036 3322 1131 3398 de
1167 3322 1285 3398 his
1313 3320 1539 3400 rebus
1575 3323 1977 3428 quicquam
2012 3323 2111 3400 de'
2147 3324 2492 3401 dominio
2525 3323 2601 3401 S.
2633 3324 2830 3400 Petri
2868 3321 3131 3401 tollere
3159 3321 3511 3411 voluerit,
3544 3324 3701 3427 ipse

863 3450 1052 3525 iram
1081 3450 1222 3527 Dei
1265 3452 1597 3528 incurrat
1627 3469 1705 3529 et
1730 3451 1900 3558 plus
1922 3453 2390 3560 propinquus
2418 3480 2687 3560 parens
2724 3470 2980 3531 noster
3019 3452 3253 3529 donet
3290 3451 3551 3528 decem
3583 3480 3704 3529 so-

864 3577 1059 3654 lidos
1103 3578 1178 3655 S.
1222 3580 1475 3668 Petro,
1527 3596 1602 3657 et
1639 3597 1891 3658 teneat
1934 3581 2211 3659 omnia.
2259 3584 2555 3661 Factam
2599 3582 3012 3661 cessionem
3061 3583 3275 3658 istam
3315 3581 3394 3657 in
3446 3608 3702 3659 mense

867 3708 1169 3795 martio,
1219 3725 1573 3816 regnante
1623 3710 1977 3790 Lotherio
2020 3739 2219 3819 rege.
2262 3714 2337 3791 S.
2380 3712 2688 3820 Rigaldt
2715 3730 2792 3790 et
2837 3711 2972 3788 filii
3019 3712 3184 3819 ejus
3220 3711 3520 3790 Geraldi
3571 3713 3700 3816 qui

867 3837 1280 3917 cessionem
1303 3840 1493 3916 hanc
1518 3840 1680 3918 fieri
1716 3859 1791 3918 et
1815 3840 2192 3919 adfirmari
2226 3860 2689 3950 rogaverunt.
2722 3842 2796 3920 S.
2823 3841 3195 3921 Gozberti.
3219 3842 3297 3919 S.
3325 3840 3696 3919 Ademzm'.

868 3967 941 4044 S.
985 3967 1344 4046 Arberti⁶.
1391 3971 1466 4048 S.
1512 3971 1821 4049 Adriciz
1864 3973 1938 4051 S.
1986 3970 2359 4050 lideberti.

947 4253 966 4281 ⁶
1013 4253 1224 4315 Albani
1251 4257 1317 4317 B.
2202 4270 2207 4281 ’
2441 4256 2459 4285 ⁷
2504 4256 2720 4318 Alarici
2745 4256 2856 4319 SG.
