<?xml version="1.0" encoding="UTF-8"?>
<!DOCTYPE html PUBLIC "-//W3C//DTD XHTML 1.0 Transitional//EN"
    "http://www.w3.org/TR/xhtml1/DTD/xhtml1-transitional.dtd">
<html xmlns="http://www.w3.org/1999/xhtml" xml:lang="en" lang="en">
 <head>
  <title>
</title>
<meta http-equiv="Content-Type" content="text/html;charset=utf-8" />
  <meta name='ocr-system' content='tesseract 3.04.00' />
  <meta name='ocr-capabilities' content='ocr_page ocr_carea ocr_par ocr_line ocrx_word'/>
</head>
<body>
  <div class='ocr_page' id='page_1' title='image "./cartulairedelab09abbegoog_0354.png"; bbox 0 0 4442 5769; ppageno 0'>
   <div class='ocr_carea' id='block_1_1' title="bbox 944 587 2764 670">
    <p class='ocr_par' dir='ltr' id='par_1_1' title="bbox 944 587 2764 670">
     <span class='ocr_line' id='line_1_1' title="bbox 944 587 2764 670; baseline -0.004 -1"><span class='ocrx_word' id='word_1_1' title='bbox 944 596 1040 670; x_wconf 74' lang='lat'><strong>34</strong></span> <span class='ocrx_word' id='word_1_2' title='bbox 1962 587 2764 662; x_wconf 89' lang='lat' dir='ltr'><strong>CHARTULARIUM</strong></span> 
     </span>
    </p>
   </div>
   <div class='ocr_carea' id='block_1_2' title="bbox 925 757 3874 4245">
    <p class='ocr_par' dir='ltr' id='par_1_2' title="bbox 925 757 3874 4245">
     <span class='ocr_line' id='line_1_2' title="bbox 936 757 3778 870; baseline -0.001 -30"><span class='ocrx_word' id='word_1_3' title='bbox 936 762 1150 870; x_wconf 87' lang='lat' dir='ltr'><strong>queri</strong></span> <span class='ocrx_word' id='word_1_4' title='bbox 1188 762 1319 868; x_wconf 89' lang='lat' dir='ltr'><strong>qui</strong></span> <span class='ocrx_word' id='word_1_5' title='bbox 1355 770 1651 868; x_wconf 82' lang='lat' dir='ltr'><strong>paratus</strong></span> <span class='ocrx_word' id='word_1_6' title='bbox 1693 777 1803 838; x_wconf 83' lang='lat' dir='ltr'><strong>est</strong></span> <span class='ocrx_word' id='word_1_7' title='bbox 1840 758 2143 837; x_wconf 87' lang='lat' dir='ltr'><strong>diabolo</strong></span> <span class='ocrx_word' id='word_1_8' title='bbox 2185 775 2262 835; x_wconf 88' lang='lat' dir='ltr'><strong>et</strong></span> <span class='ocrx_word' id='word_1_9' title='bbox 2297 758 2577 863; x_wconf 84' lang='lat' dir='ltr'><strong>angelis</strong></span> <span class='ocrx_word' id='word_1_10' title='bbox 2617 759 2798 865; x_wconf 85' lang='lat' dir='ltr'><strong>ejus.</strong></span> <span class='ocrx_word' id='word_1_11' title='bbox 2842 757 3002 863; x_wconf 88' lang='lat' dir='ltr'><strong>Ego</strong></span> <span class='ocrx_word' id='word_1_12' title='bbox 3047 784 3351 863; x_wconf 79' lang='lat' dir='ltr'><strong>quoque</strong></span> <span class='ocrx_word' id='word_1_13' title='bbox 3400 757 3778 864; x_wconf 84' lang='lat' dir='ltr'><strong>Engelsias</strong></span> 
     </span>
     <span class='ocr_line' id='line_1_3' title="bbox 937 889 3776 998; baseline -0 -30"><span class='ocrx_word' id='word_1_14' title='bbox 937 893 1275 979; x_wconf 63' lang='lat' dir='ltr'><strong>soa-mina,</strong></span> <span class='ocrx_word' id='word_1_15' title='bbox 1307 892 1521 969; x_wconf 87' lang='lat' dir='ltr'><strong>istam</strong></span> <span class='ocrx_word' id='word_1_16' title='bbox 1553 890 1708 998; x_wconf 87' lang='lat' dir='ltr'><strong>jam</strong></span> <span class='ocrx_word' id='word_1_17' title='bbox 1742 890 2164 996; x_wconf 81' lang='lat' dir='ltr'><strong>praedictam</strong></span> <span class='ocrx_word' id='word_1_18' title='bbox 2200 889 2584 966; x_wconf 82' lang='lat' dir='ltr'><strong>ecclesiam</strong></span> <span class='ocrx_word' id='word_1_19' title='bbox 2611 889 2706 966; x_wconf 89' lang='lat' dir='ltr'><strong>de</strong></span> <span class='ocrx_word' id='word_1_20' title='bbox 2735 891 3032 979; x_wconf 86' lang='lat' dir='ltr'><strong>Favars,</strong></span> <span class='ocrx_word' id='word_1_21' title='bbox 3067 914 3290 993; x_wconf 85' lang='lat' dir='ltr'><strong>quam</strong></span> <span class='ocrx_word' id='word_1_22' title='bbox 3321 903 3531 994; x_wconf 86' lang='lat' dir='ltr'><strong>pater</strong></span> <span class='ocrx_word' id='word_1_23' title='bbox 3559 917 3776 967; x_wconf 89' lang='lat' dir='ltr'><strong>meus</strong></span> 
     </span>
     <span class='ocr_line' id='line_1_4' title="bbox 936 1016 3778 1098; baseline 0 -1"><span class='ocrx_word' id='word_1_24' title='bbox 936 1023 1031 1098; x_wconf 86' lang='lat' dir='ltr'><strong>ad</strong></span> <span class='ocrx_word' id='word_1_25' title='bbox 1072 1021 1392 1097; x_wconf 85' lang='lat' dir='ltr'><strong>feudum</strong></span> <span class='ocrx_word' id='word_1_26' title='bbox 1439 1020 1705 1098; x_wconf 86' lang='lat' dir='ltr'><strong>habuit</strong></span> <span class='ocrx_word' id='word_1_27' title='bbox 1754 1020 1847 1096; x_wconf 88' lang='lat' dir='ltr'><strong>de</strong></span> <span class='ocrx_word' id='word_1_28' title='bbox 1902 1019 2167 1097; x_wconf 80' lang='lat' dir='ltr'><strong>abbate</strong></span> <span class='ocrx_word' id='word_1_29' title='bbox 2215 1017 2716 1097; x_wconf 83' lang='lat' dir='ltr'><strong>Bellilocensis</strong></span> <span class='ocrx_word' id='word_1_30' title='bbox 2753 1016 3075 1095; x_wconf 81' lang='lat' dir='ltr'><strong>coenobii</strong></span> <span class='ocrx_word' id='word_1_31' title='bbox 3118 1033 3191 1093; x_wconf 90' lang='lat' dir='ltr'><strong>et</strong></span> <span class='ocrx_word' id='word_1_32' title='bbox 3221 1016 3408 1095; x_wconf 90' lang='lat' dir='ltr'><strong>mihi</strong></span> <span class='ocrx_word' id='word_1_33' title='bbox 3448 1018 3526 1094; x_wconf 90' lang='lat' dir='ltr'><strong>in</strong></span> <span class='ocrx_word' id='word_1_34' title='bbox 3559 1017 3778 1097; x_wconf 87' lang='lat' dir='ltr'><strong>here-</strong></span> 
     </span>
     <span class='ocr_line' id='line_1_5' title="bbox 939 1145 3772 1254; baseline 0 -27"><span class='ocrx_word' id='word_1_35' title='bbox 939 1152 1243 1228; x_wconf 88' lang='lat' dir='ltr'><strong>ditatem</strong></span> <span class='ocrx_word' id='word_1_36' title='bbox 1277 1149 1517 1239; x_wconf 83' lang='lat' dir='ltr'><strong>dedit,</strong></span> <span class='ocrx_word' id='word_1_37' title='bbox 1545 1178 1767 1227; x_wconf 90' lang='lat' dir='ltr'><strong>omne</strong></span> <span class='ocrx_word' id='word_1_38' title='bbox 1800 1149 1989 1226; x_wconf 86' lang='lat' dir='ltr'><strong>illud</strong></span> <span class='ocrx_word' id='word_1_39' title='bbox 2012 1165 2300 1226; x_wconf 88' lang='lat' dir='ltr'><strong>rectum</strong></span> <span class='ocrx_word' id='word_1_40' title='bbox 2327 1149 2533 1254; x_wconf 87' lang='lat' dir='ltr'><strong>quod</strong></span> <span class='ocrx_word' id='word_1_41' title='bbox 2565 1176 2702 1254; x_wconf 87' lang='lat' dir='ltr'><strong>ego</strong></span> <span class='ocrx_word' id='word_1_42' title='bbox 2735 1147 3009 1237; x_wconf 88' lang='lat' dir='ltr'><strong>habe0‚</strong></span> <span class='ocrx_word' id='word_1_43' title='bbox 3048 1145 3341 1224; x_wconf 79' lang='lat' dir='ltr'>dimitto</span> <span class='ocrx_word' id='word_1_44' title='bbox 3374 1165 3450 1224; x_wconf 88' lang='lat' dir='ltr'><strong>et</strong></span> <span class='ocrx_word' id='word_1_45' title='bbox 3476 1148 3772 1227; x_wconf 87' lang='lat' dir='ltr'><strong>absolvo</strong></span> 
     </span>
     <span class='ocr_line' id='line_1_6' title="bbox 937 1276 3772 1387; baseline -0.002 -27"><span class='ocrx_word' id='word_1_46' title='bbox 937 1283 1099 1360; x_wconf 88' lang='lat' dir='ltr'><strong>Deo</strong></span> <span class='ocrx_word' id='word_1_47' title='bbox 1159 1298 1557 1387; x_wconf 87' lang='lat' dir='ltr'><strong>sanctoque</strong></span> <span class='ocrx_word' id='word_1_48' title='bbox 1616 1282 1867 1370; x_wconf 85' lang='lat' dir='ltr'><strong>Petro,</strong></span> <span class='ocrx_word' id='word_1_49' title='bbox 1923 1307 2059 1386; x_wconf 91' lang='lat' dir='ltr'><strong>pro</strong></span> <span class='ocrx_word' id='word_1_50' title='bbox 2110 1279 2356 1356; x_wconf 86' lang='lat' dir='ltr'><strong>anima</strong></span> <span class='ocrx_word' id='word_1_51' title='bbox 2404 1306 2569 1355; x_wconf 86' lang='lat' dir='ltr'><strong>mea</strong></span> <span class='ocrx_word' id='word_1_52' title='bbox 2629 1296 2703 1356; x_wconf 88' lang='lat' dir='ltr'><strong>et</strong></span> <span class='ocrx_word' id='word_1_53' title='bbox 2750 1305 2887 1384; x_wconf 90' lang='lat' dir='ltr'><strong>pro</strong></span> <span class='ocrx_word' id='word_1_54' title='bbox 2939 1276 3327 1354; x_wconf 82' lang='lat' dir='ltr'>animabus</span> <span class='ocrx_word' id='word_1_55' title='bbox 3378 1296 3772 1382; x_wconf 90' lang='lat' dir='ltr'><strong>parentum</strong></span> 
     </span>
     <span class='ocr_line' id='line_1_7' title="bbox 938 1405 3773 1500; baseline 0 -13"><span class='ocrx_word' id='word_1_56' title='bbox 938 1440 1313 1500; x_wconf 87' lang='lat' dir='ltr'><strong>meorum,</strong></span> <span class='ocrx_word' id='word_1_57' title='bbox 1366 1412 1442 1487; x_wconf 91' lang='lat' dir='ltr'><strong>in</strong></span> <span class='ocrx_word' id='word_1_58' title='bbox 1492 1438 1713 1487; x_wconf 87' lang='lat' dir='ltr'><strong>manu</strong></span> <span class='ocrx_word' id='word_1_59' title='bbox 1766 1410 2053 1488; x_wconf 92' lang='lat' dir='ltr'><strong>domini</strong></span> <span class='ocrx_word' id='word_1_60' title='bbox 2106 1408 2404 1486; x_wconf 90' lang='lat' dir='ltr'><strong>Frodini</strong></span> <span class='ocrx_word' id='word_1_61' title='bbox 2456 1407 2739 1486; x_wconf 82' lang='lat' dir='ltr'><strong>abbatis</strong></span> <span class='ocrx_word' id='word_1_62' title='bbox 2797 1425 2871 1484; x_wconf 86' lang='lat' dir='ltr'><strong>et</strong></span> <span class='ocrx_word' id='word_1_63' title='bbox 2917 1405 3440 1484; x_wconf 88' lang='lat' dir='ltr'><strong>Archambaldi</strong></span> <span class='ocrx_word' id='word_1_64' title='bbox 3489 1408 3773 1487; x_wconf 86' lang='lat' dir='ltr'><strong>viceco-</strong></span> 
     </span>
     <span class='ocr_line' id='line_1_8' title="bbox 938 1534 3765 1647; baseline 0.001 -32"><span class='ocrx_word' id='word_1_65' title='bbox 938 1542 1197 1630; x_wconf 79' lang='lat' dir='ltr'><strong>mitis⁵‚</strong></span> <span class='ocrx_word' id='word_1_66' title='bbox 1241 1540 1629 1647; x_wconf 75' lang='lat' dir='ltr'><strong>fratrisque</strong></span> <span class='ocrx_word' id='word_1_67' title='bbox 1657 1541 1769 1617; x_wconf 89' lang='lat' dir='ltr'><strong>sui</strong></span> <span class='ocrx_word' id='word_1_68' title='bbox 1816 1539 2075 1616; x_wconf 82' lang='lat' dir='ltr'><strong>Eboli⁶</strong></span> <span class='ocrx_word' id='word_1_69' title='bbox 2115 1557 2335 1644; x_wconf 88' lang='lat' dir='ltr'><strong>atque</strong></span> <span class='ocrx_word' id='word_1_70' title='bbox 2375 1538 2795 1615; x_wconf 88' lang='lat' dir='ltr'><strong>Bernardi⁷.</strong></span> <span class='ocrx_word' id='word_1_71' title='bbox 2832 1536 3073 1615; x_wconf 89' lang='lat' dir='ltr'><strong>Simili</strong></span> <span class='ocrx_word' id='word_1_72' title='bbox 3113 1534 3421 1642; x_wconf 85' lang='lat' dir='ltr'><strong>quidem</strong></span> <span class='ocrx_word' id='word_1_73' title='bbox 3449 1538 3765 1630; x_wconf 83' lang='lat' dir='ltr'><strong>ratione,</strong></span> 
     </span>
     <span class='ocr_line' id='line_1_9' title="bbox 939 1664 3774 1775; baseline -0 -29"><span class='ocrx_word' id='word_1_74' title='bbox 939 1699 1075 1775; x_wconf 86' lang='lat' dir='ltr'><strong>ego</strong></span> <span class='ocrx_word' id='word_1_75' title='bbox 1123 1669 1374 1749; x_wconf 87' lang='lat' dir='ltr'><strong>Guido</strong></span> <span class='ocrx_word' id='word_1_76' title='bbox 1426 1671 1554 1775; x_wconf 90' lang='lat' dir='ltr'><strong>qui</strong></span> <span class='ocrx_word' id='word_1_77' title='bbox 1602 1670 1805 1747; x_wconf 87' lang='lat' dir='ltr'><strong>filius</strong></span> <span class='ocrx_word' id='word_1_78' title='bbox 1858 1668 1965 1745; x_wconf 87' lang='lat' dir='ltr'><strong>fui</strong></span> <span class='ocrx_word' id='word_1_79' title='bbox 2017 1667 2384 1747; x_wconf 81' lang='lat' dir='ltr'><strong>Gnidonis</strong></span> <span class='ocrx_word' id='word_1_80' title='bbox 2439 1667 2562 1745; x_wconf 89' lang='lat' dir='ltr'><strong>del</strong></span> <span class='ocrx_word' id='word_1_81' title='bbox 2611 1669 2936 1755; x_wconf 90' lang='lat' dir='ltr'><strong>Lastors,</strong></span> <span class='ocrx_word' id='word_1_82' title='bbox 2989 1683 3066 1743; x_wconf 88' lang='lat' dir='ltr'><strong>et</strong></span> <span class='ocrx_word' id='word_1_83' title='bbox 3113 1664 3492 1744; x_wconf 87' lang='lat' dir='ltr'><strong>Gerardus</strong></span> <span class='ocrx_word' id='word_1_84' title='bbox 3549 1666 3774 1745; x_wconf 89' lang='lat' dir='ltr'><strong>srater</strong></span> 
     </span>
     <span class='ocr_line' id='line_1_10' title="bbox 932 1794 3773 1904; baseline -0.001 -28"><span class='ocrx_word' id='word_1_85' title='bbox 932 1828 1145 1876; x_wconf 88' lang='lat' dir='ltr'><strong>meus</strong></span> <span class='ocrx_word' id='word_1_86' title='bbox 1186 1818 1260 1877; x_wconf 88' lang='lat' dir='ltr'><strong>et</strong></span> <span class='ocrx_word' id='word_1_87' title='bbox 1297 1817 1532 1877; x_wconf 85' lang='lat' dir='ltr'><strong>mater</strong></span> <span class='ocrx_word' id='word_1_88' title='bbox 1564 1816 1812 1877; x_wconf 84' lang='lat' dir='ltr'><strong>nostra</strong></span> <span class='ocrx_word' id='word_1_89' title='bbox 1843 1798 2120 1904; x_wconf 78' lang='lat' dir='ltr'><strong>AgneS,</strong></span> <span class='ocrx_word' id='word_1_90' title='bbox 2168 1827 2339 1875; x_wconf 88' lang='lat' dir='ltr'><strong>cum</strong></span> <span class='ocrx_word' id='word_1_91' title='bbox 2380 1797 2524 1875; x_wconf 89' lang='lat' dir='ltr'><strong>alio</strong></span> <span class='ocrx_word' id='word_1_92' title='bbox 2562 1797 2788 1874; x_wconf 84' lang='lat' dir='ltr'><strong>fratre</strong></span> <span class='ocrx_word' id='word_1_93' title='bbox 2827 1813 3082 1873; x_wconf 89' lang='lat' dir='ltr'><strong>nostro</strong></span> <span class='ocrx_word' id='word_1_94' title='bbox 3123 1794 3526 1885; x_wconf 78' lang='lat' dir='ltr'><strong>Gulferio⁸,</strong></span> <span class='ocrx_word' id='word_1_95' title='bbox 3571 1798 3773 1874; x_wconf 87' lang='lat' dir='ltr'><strong>simi-</strong></span> 
     </span>
     <span class='ocr_line' id='line_1_11' title="bbox 933 1925 3769 2037; baseline 0 -34"><span class='ocrx_word' id='word_1_96' title='bbox 933 1928 1102 2005; x_wconf 88' lang='lat' dir='ltr'><strong>liter</strong></span> <span class='ocrx_word' id='word_1_97' title='bbox 1151 1958 1318 2006; x_wconf 89' lang='lat' dir='ltr'><strong>cum</strong></span> <span class='ocrx_word' id='word_1_98' title='bbox 1361 1929 1671 2007; x_wconf 89' lang='lat' dir='ltr'><strong>consilio</strong></span> <span class='ocrx_word' id='word_1_99' title='bbox 1711 1929 2084 2037; x_wconf 84' lang='lat' dir='ltr'><strong>jamdictae</strong></span> <span class='ocrx_word' id='word_1_100' title='bbox 2138 1927 2624 2032; x_wconf 83' lang='lat' dir='ltr'><strong>Engelsianae,</strong></span> <span class='ocrx_word' id='word_1_101' title='bbox 2682 1944 2756 2004; x_wconf 87' lang='lat' dir='ltr'><strong>et</strong></span> <span class='ocrx_word' id='word_1_102' title='bbox 2803 1956 2972 2003; x_wconf 89' lang='lat' dir='ltr'><strong>cum</strong></span> <span class='ocrx_word' id='word_1_103' title='bbox 3025 1925 3336 2003; x_wconf 83' lang='lat' dir='ltr'><strong>consilio</strong></span> <span class='ocrx_word' id='word_1_104' title='bbox 3375 1952 3769 2031; x_wconf 87' lang='lat' dir='ltr'><strong>procerum</strong></span> 
     </span>
     <span class='ocr_line' id='line_1_12' title="bbox 932 2056 3775 2165; baseline -0 -30"><span class='ocrx_word' id='word_1_105' title='bbox 932 2076 1390 2149; x_wconf 87' lang='lat' dir='ltr'><strong>nostrorum,</strong></span> <span class='ocrx_word' id='word_1_106' title='bbox 1452 2087 1590 2165; x_wconf 92' lang='lat' dir='ltr'><strong>pro</strong></span> <span class='ocrx_word' id='word_1_107' title='bbox 1650 2058 2037 2136; x_wconf 81' lang='lat' dir='ltr'><strong>animabus</strong></span> <span class='ocrx_word' id='word_1_108' title='bbox 2088 2058 2363 2135; x_wconf 87' lang='lat' dir='ltr'><strong>nostris</strong></span> <span class='ocrx_word' id='word_1_109' title='bbox 2412 2074 2486 2134; x_wconf 91' lang='lat' dir='ltr'><strong>et</strong></span> <span class='ocrx_word' id='word_1_110' title='bbox 2536 2086 2672 2162; x_wconf 90' lang='lat' dir='ltr'><strong>pro</strong></span> <span class='ocrx_word' id='word_1_111' title='bbox 2723 2057 2965 2133; x_wconf 86' lang='lat' dir='ltr'><strong>anima</strong></span> <span class='ocrx_word' id='word_1_112' title='bbox 3017 2056 3245 2162; x_wconf 89' lang='lat' dir='ltr'><strong>patris</strong></span> <span class='ocrx_word' id='word_1_113' title='bbox 3302 2057 3531 2134; x_wconf 88' lang='lat' dir='ltr'><strong>nostri</strong></span> <span class='ocrx_word' id='word_1_114' title='bbox 3590 2057 3775 2137; x_wconf 88' lang='lat' dir='ltr'><strong>Gui-</strong></span> 
     </span>
     <span class='ocr_line' id='line_1_13' title="bbox 932 2187 3774 2296; baseline -0.001 -31"><span class='ocrx_word' id='word_1_115' title='bbox 932 2189 1182 2280; x_wconf 78' lang='lat' dir='ltr'><strong>doniS,</strong></span> <span class='ocrx_word' id='word_1_116' title='bbox 1215 2191 1390 2296; x_wconf 90' lang='lat' dir='ltr'><strong>quia</strong></span> <span class='ocrx_word' id='word_1_117' title='bbox 1421 2205 1496 2266; x_wconf 89' lang='lat' dir='ltr'><strong>et</strong></span> <span class='ocrx_word' id='word_1_118' title='bbox 1525 2190 1715 2295; x_wconf 87' lang='lat' dir='ltr'><strong>ipse,</strong></span> <span class='ocrx_word' id='word_1_119' title='bbox 1754 2190 1829 2264; x_wconf 87' lang='lat' dir='ltr'><strong>in</strong></span> <span class='ocrx_word' id='word_1_120' title='bbox 1859 2188 2121 2265; x_wconf 86' lang='lat' dir='ltr'><strong>ultima</strong></span> <span class='ocrx_word' id='word_1_121' title='bbox 2146 2187 2572 2265; x_wconf 89' lang='lat' dir='ltr'><strong>infirmitate</strong></span> <span class='ocrx_word' id='word_1_122' title='bbox 2595 2187 2913 2293; x_wconf 85' lang='lat' dir='ltr'><strong>positus,</strong></span> <span class='ocrx_word' id='word_1_123' title='bbox 2945 2187 3160 2264; x_wconf 87' lang='lat' dir='ltr'><strong>nobis</strong></span> <span class='ocrx_word' id='word_1_124' title='bbox 3191 2187 3346 2263; x_wconf 80' lang='lat' dir='ltr'><strong>haec</strong></span> <span class='ocrx_word' id='word_1_125' title='bbox 3373 2187 3537 2263; x_wconf 87' lang='lat' dir='ltr'><strong>fieri</strong></span> <span class='ocrx_word' id='word_1_126' title='bbox 3570 2216 3774 2263; x_wconf 88' lang='lat' dir='ltr'><strong>man-</strong></span> 
     </span>
     <span class='ocr_line' id='line_1_14' title="bbox 933 2315 3770 2424; baseline 0.001 -31"><span class='ocrx_word' id='word_1_127' title='bbox 933 2319 1131 2395; x_wconf 88' lang='lat' dir='ltr'><strong>davit</strong></span> <span class='ocrx_word' id='word_1_128' title='bbox 1180 2336 1255 2396; x_wconf 88' lang='lat' dir='ltr'><strong>et</strong></span> <span class='ocrx_word' id='word_1_129' title='bbox 1310 2319 1595 2424; x_wconf 84' lang='lat' dir='ltr'><strong>aliquid</strong></span> <span class='ocrx_word' id='word_1_130' title='bbox 1635 2319 1728 2394; x_wconf 89' lang='lat' dir='ltr'><strong>ad</strong></span> <span class='ocrx_word' id='word_1_131' title='bbox 1768 2346 1956 2424; x_wconf 89' lang='lat' dir='ltr'><strong>opus</strong></span> <span class='ocrx_word' id='word_1_132' title='bbox 1994 2336 2330 2396; x_wconf 87' lang='lat' dir='ltr'><strong>nostrum</strong></span> <span class='ocrx_word' id='word_1_133' title='bbox 2383 2318 2714 2423; x_wconf 88' lang='lat' dir='ltr'><strong>accipere</strong></span> <span class='ocrx_word' id='word_1_134' title='bbox 2754 2318 3183 2423; x_wconf 83' lang='lat' dir='ltr'><strong>pecuniam,</strong></span> <span class='ocrx_word' id='word_1_135' title='bbox 3228 2315 3374 2394; x_wconf 89' lang='lat' dir='ltr'><strong>hoc</strong></span> <span class='ocrx_word' id='word_1_136' title='bbox 3416 2333 3591 2393; x_wconf 90' lang='lat' dir='ltr'><strong>sunt</strong></span> <span class='ocrx_word' id='word_1_137' title='bbox 3640 2344 3770 2396; x_wconf 83' lang='lat' dir='ltr'><strong>CLx</strong></span> 
     </span>
     <span class='ocr_line' id='line_1_15' title="bbox 931 2447 3771 2555; baseline 0.001 -33"><span class='ocrx_word' id='word_1_138' title='bbox 931 2448 1244 2536; x_wconf 78' lang='lat' dir='ltr'><strong>solidOS,</strong></span> <span class='ocrx_word' id='word_1_139' title='bbox 1302 2448 1789 2555; x_wconf 89' lang='lat' dir='ltr'><strong>quamobrem</strong></span> <span class='ocrx_word' id='word_1_140' title='bbox 1848 2448 2098 2526; x_wconf 84' lang='lat' dir='ltr'><strong>omnia</strong></span> <span class='ocrx_word' id='word_1_141' title='bbox 2148 2447 2592 2526; x_wconf 82' lang='lat' dir='ltr'><strong>absolvimus</strong></span> <span class='ocrx_word' id='word_1_142' title='bbox 2642 2449 2803 2525; x_wconf 88' lang='lat' dir='ltr'><strong>Deo</strong></span> <span class='ocrx_word' id='word_1_143' title='bbox 2851 2464 3254 2554; x_wconf 87' lang='lat' dir='ltr'><strong>sanctoque</strong></span> <span class='ocrx_word' id='word_1_144' title='bbox 3292 2448 3512 2525; x_wconf 88' lang='lat' dir='ltr'><strong>Petro</strong></span> <span class='ocrx_word' id='word_1_145' title='bbox 3553 2448 3771 2525; x_wconf 88' lang='lat' dir='ltr'><strong>Belli-</strong></span> 
     </span>
     <span class='ocr_line' id='line_1_16' title="bbox 932 2574 3771 2684; baseline 0.001 -33"><span class='ocrx_word' id='word_1_146' title='bbox 932 2574 1256 2654; x_wconf 86' lang='lat' dir='ltr'><strong>locensis</strong></span> <span class='ocrx_word' id='word_1_147' title='bbox 1297 2577 1653 2665; x_wconf 85' lang='lat' dir='ltr'><strong>coenobii,</strong></span> <span class='ocrx_word' id='word_1_148' title='bbox 1715 2579 1792 2654; x_wconf 90' lang='lat' dir='ltr'><strong>in</strong></span> <span class='ocrx_word' id='word_1_149' title='bbox 1840 2606 2067 2654; x_wconf 91' lang='lat' dir='ltr'><strong>manu</strong></span> <span class='ocrx_word' id='word_1_150' title='bbox 2118 2577 2403 2654; x_wconf 90' lang='lat' dir='ltr'><strong>domini</strong></span> <span class='ocrx_word' id='word_1_151' title='bbox 2451 2577 2755 2655; x_wconf 83' lang='lat' dir='ltr'><strong>Frodini</strong></span> <span class='ocrx_word' id='word_1_152' title='bbox 2814 2577 3100 2655; x_wconf 86' lang='lat' dir='ltr'><strong>abbatis</strong></span> <span class='ocrx_word' id='word_1_153' title='bbox 3149 2594 3369 2684; x_wconf 86' lang='lat' dir='ltr'><strong>atque</strong></span> <span class='ocrx_word' id='word_1_154' title='bbox 3419 2576 3771 2655; x_wconf 83' lang='lat' dir='ltr'><strong>Archam-</strong></span> 
     </span>
     <span class='ocr_line' id='line_1_17' title="bbox 929 2704 3771 2812; baseline 0.002 -33"><span class='ocrx_word' id='word_1_155' title='bbox 929 2704 1131 2782; x_wconf 83' lang='lat' dir='ltr'><strong>haldi</strong></span> <span class='ocrx_word' id='word_1_156' title='bbox 1165 2706 1649 2795; x_wconf 75' lang='lat' dir='ltr'><strong>vicecomiti8‚</strong></span> <span class='ocrx_word' id='word_1_157' title='bbox 1695 2724 1768 2783; x_wconf 85' lang='lat' dir='ltr'><strong>et</strong></span> <span class='ocrx_word' id='word_1_158' title='bbox 1805 2705 2017 2783; x_wconf 86' lang='lat' dir='ltr'><strong>Eholi</strong></span> <span class='ocrx_word' id='word_1_159' title='bbox 2064 2723 2288 2812; x_wconf 86' lang='lat' dir='ltr'><strong>atque</strong></span> <span class='ocrx_word' id='word_1_160' title='bbox 2338 2706 2726 2797; x_wconf 79' lang='lat' dir='ltr'><strong>Bernardi3</strong></span> <span class='ocrx_word' id='word_1_161' title='bbox 2777 2706 2901 2783; x_wconf 89' lang='lat' dir='ltr'><strong>tali</strong></span> <span class='ocrx_word' id='word_1_162' title='bbox 2943 2706 3225 2782; x_wconf 88' lang='lat' dir='ltr'><strong>scilicet</strong></span> <span class='ocrx_word' id='word_1_163' title='bbox 3271 2725 3633 2784; x_wconf 88' lang='lat' dir='ltr'><strong>conventu</strong></span> <span class='ocrx_word' id='word_1_164' title='bbox 3685 2726 3771 2784; x_wconf 88' lang='lat' dir='ltr'><strong>ut</strong></span> 
     </span>
     <span class='ocr_line' id='line_1_18' title="bbox 930 2816 3780 2945; baseline 0.001 -34"><span class='ocrx_word' id='word_1_165' title='bbox 930 2856 1066 2940; x_wconf 90' lang='lat' dir='ltr'><strong>pro</strong></span> <span class='ocrx_word' id='word_1_166' title='bbox 1106 2835 1334 2942; x_wconf 86' lang='lat' dir='ltr'><strong>patris</strong></span> <span class='ocrx_word' id='word_1_167' title='bbox 1383 2834 1612 2914; x_wconf 84' lang='lat' dir='ltr'><strong>nostri</strong></span> <span class='ocrx_word' id='word_1_168' title='bbox 1664 2836 1904 2914; x_wconf 86' lang='lat' dir='ltr'><strong>anima</strong></span> <span class='ocrx_word' id='word_1_169' title='bbox 1941 2852 2093 2914; x_wconf 87' lang='lat' dir='ltr'><strong>tres</strong></span> <span class='ocrx_word' id='word_1_170' title='bbox 2141 2836 2379 2913; x_wconf 83' lang='lat' dir='ltr'><strong>missae</strong></span> <span class='ocrx_word' id='word_1_171' title='bbox 2421 2835 2894 2914; x_wconf 87' lang='lat' dir='ltr'><strong>celebrentur</strong></span> <span class='ocrx_word' id='word_1_172' title='bbox 2934 2837 3010 2915; x_wconf 90' lang='lat' dir='ltr'><strong>in</strong></span> <span class='ocrx_word' id='word_1_173' title='bbox 3050 2853 3420 2915; x_wconf 87' lang='lat' dir='ltr'><strong>conventu</strong></span> <span class='ocrx_word' id='word_1_174' title='bbox 3462 2837 3556 2914; x_wconf 89' lang='lat' dir='ltr'><strong>ad</strong></span> <span class='ocrx_word' id='word_1_175' title='bbox 3591 2816 3780 2945; x_wconf 45' lang='lat' dir='ltr'><strong>praess</strong></span> 
     </span>
     <span class='ocr_line' id='line_1_19' title="bbox 929 2961 3769 3076; baseline 0.001 -35"><span class='ocrx_word' id='word_1_176' title='bbox 929 2995 1131 3054; x_wconf 75' lang='lat' dir='ltr'><strong>senS,</strong></span> <span class='ocrx_word' id='word_1_177' title='bbox 1187 2983 1261 3043; x_wconf 90' lang='lat' dir='ltr'><strong>et</strong></span> <span class='ocrx_word' id='word_1_178' title='bbox 1307 2961 1820 3074; x_wconf 85' lang='lat' dir='ltr'><strong>unusquisque</strong></span> <span class='ocrx_word' id='word_1_179' title='bbox 1874 2996 1911 3042; x_wconf 91' lang='lat' dir='ltr'><strong>e</strong></span> <span class='ocrx_word' id='word_1_180' title='bbox 1963 2967 2386 3045; x_wconf 85' lang='lat' dir='ltr'><strong>senioribus</strong></span> <span class='ocrx_word' id='word_1_181' title='bbox 2439 2966 2947 3046; x_wconf 87' lang='lat' dir='ltr'><strong>sacerdotibus</strong></span> <span class='ocrx_word' id='word_1_182' title='bbox 2999 2967 3337 3076; x_wconf 83' lang='lat' dir='ltr'><strong>ejusdem</strong></span> <span class='ocrx_word' id='word_1_183' title='bbox 3396 2967 3538 3047; x_wconf 86' lang='lat' dir='ltr'><strong>loci</strong></span> <span class='ocrx_word' id='word_1_184' title='bbox 3591 2971 3769 3047; x_wconf 88' lang='lat' dir='ltr'><strong>toti-</strong></span> 
     </span>
     <span class='ocr_line' id='line_1_20' title="bbox 930 3095 3770 3204; baseline 0.002 -34"><span class='ocrx_word' id='word_1_185' title='bbox 930 3096 1102 3172; x_wconf 89' lang='lat' dir='ltr'><strong>dem</strong></span> <span class='ocrx_word' id='word_1_186' title='bbox 1147 3095 1571 3187; x_wconf 66' lang='lat' dir='ltr'><strong>decantent}</strong></span> <span class='ocrx_word' id='word_1_187' title='bbox 1613 3115 1738 3174; x_wconf 85' lang='lat' dir='ltr'><strong>aut</strong></span> <span class='ocrx_word' id='word_1_188' title='bbox 1777 3096 1901 3174; x_wconf 89' lang='lat' dir='ltr'><strong>alii</strong></span> <span class='ocrx_word' id='word_1_189' title='bbox 1940 3124 2077 3203; x_wconf 87' lang='lat' dir='ltr'><strong>pro</strong></span> <span class='ocrx_word' id='word_1_190' title='bbox 2118 3097 2297 3203; x_wconf 90' lang='lat' dir='ltr'><strong>ipsis</strong></span> <span class='ocrx_word' id='word_1_191' title='bbox 2337 3096 2749 3204; x_wconf 85' lang='lat' dir='ltr'><strong>subrogati,</strong></span> <span class='ocrx_word' id='word_1_192' title='bbox 2796 3114 2870 3174; x_wconf 87' lang='lat' dir='ltr'><strong>et</strong></span> <span class='ocrx_word' id='word_1_193' title='bbox 2894 3126 3172 3175; x_wconf 91' lang='lat' dir='ltr'><strong>nomen</strong></span> <span class='ocrx_word' id='word_1_194' title='bbox 3215 3097 3374 3204; x_wconf 88' lang='lat' dir='ltr'><strong>ejus</strong></span> <span class='ocrx_word' id='word_1_195' title='bbox 3412 3098 3770 3176; x_wconf 76' lang='lat' dir='ltr'><strong>scribatur</strong></span> 
     </span>
     <span class='ocr_line' id='line_1_21' title="bbox 929 3225 3764 3333; baseline 0.001 -32"><span class='ocrx_word' id='word_1_196' title='bbox 929 3226 1005 3301; x_wconf 90' lang='lat' dir='ltr'><strong>in</strong></span> <span class='ocrx_word' id='word_1_197' title='bbox 1041 3226 1327 3331; x_wconf 86' lang='lat' dir='ltr'><strong>regula,</strong></span> <span class='ocrx_word' id='word_1_198' title='bbox 1375 3242 1447 3303; x_wconf 87' lang='lat' dir='ltr'><strong>et</strong></span> <span class='ocrx_word' id='word_1_199' title='bbox 1476 3225 1914 3303; x_wconf 79' lang='lat' dir='ltr'><strong>memoriale</strong></span> <span class='ocrx_word' id='word_1_200' title='bbox 1943 3226 2100 3332; x_wconf 81' lang='lat' dir='ltr'><strong>ejus</strong></span> <span class='ocrx_word' id='word_1_201' title='bbox 2134 3226 2342 3305; x_wconf 89' lang='lat' dir='ltr'><strong>omni</strong></span> <span class='ocrx_word' id='word_1_202' title='bbox 2384 3254 2574 3304; x_wconf 86' lang='lat' dir='ltr'><strong>anno</strong></span> <span class='ocrx_word' id='word_1_203' title='bbox 2607 3244 2887 3333; x_wconf 82' lang='lat' dir='ltr'><strong>agatur.</strong></span> <span class='ocrx_word' id='word_1_204' title='bbox 2931 3226 3125 3303; x_wconf 81' lang='lat' dir='ltr'><strong>Sane</strong></span> <span class='ocrx_word' id='word_1_205' title='bbox 3163 3227 3224 3303; x_wconf 90' lang='lat' dir='ltr'><strong>si</strong></span> <span class='ocrx_word' id='word_1_206' title='bbox 3267 3255 3402 3305; x_wconf 84' lang='lat' dir='ltr'><strong>nos</strong></span> <span class='ocrx_word' id='word_1_207' title='bbox 3429 3227 3601 3332; x_wconf 89' lang='lat' dir='ltr'><strong>ipsi,</strong></span> <span class='ocrx_word' id='word_1_208' title='bbox 3635 3243 3764 3304; x_wconf 89' lang='lat' dir='ltr'><strong>aut</strong></span> 
     </span>
     <span class='ocr_line' id='line_1_22' title="bbox 928 3354 3874 3464; baseline 0.001 -33"><span class='ocrx_word' id='word_1_209' title='bbox 928 3355 1131 3431; x_wconf 87' lang='lat' dir='ltr'><strong>ullus</strong></span> <span class='ocrx_word' id='word_1_210' title='bbox 1171 3354 1249 3431; x_wconf 89' lang='lat' dir='ltr'><strong>in</strong></span> <span class='ocrx_word' id='word_1_211' title='bbox 1287 3355 1697 3432; x_wconf 88' lang='lat' dir='ltr'><strong>heredibus</strong></span> <span class='ocrx_word' id='word_1_212' title='bbox 1724 3356 1996 3433; x_wconf 84' lang='lat' dir='ltr'><strong>nostris</strong></span> <span class='ocrx_word' id='word_1_213' title='bbox 2015 3417 2032 3445; x_wconf 88' lang='lat'>‚</span> <span class='ocrx_word' id='word_1_214' title='bbox 2073 3373 2200 3433; x_wconf 87' lang='lat' dir='ltr'><strong>aut</strong></span> <span class='ocrx_word' id='word_1_215' title='bbox 2226 3357 2366 3432; x_wconf 85' lang='lat' dir='ltr'><strong>alia</strong></span> <span class='ocrx_word' id='word_1_216' title='bbox 2391 3355 2638 3462; x_wconf 83' lang='lat' dir='ltr'><strong>aliqua</strong></span> <span class='ocrx_word' id='word_1_217' title='bbox 2664 3383 2981 3463; x_wconf 85' lang='lat' dir='ltr'><strong>persona</strong></span> <span class='ocrx_word' id='word_1_218' title='bbox 3023 3374 3278 3434; x_wconf 84' lang='lat' dir='ltr'><strong>contra</strong></span> <span class='ocrx_word' id='word_1_219' title='bbox 3309 3358 3494 3434; x_wconf 84' lang='lat' dir='ltr'><strong>hanc</strong></span> <span class='ocrx_word' id='word_1_220' title='bbox 3523 3357 3794 3464; x_wconf 74' lang='lat' dir='ltr'><strong>glupi·‘</strong></span> <span class='ocrx_word' id='word_1_221' title='bbox 3863 3362 3874 3365; x_wconf 73' lang='grc'><em>’</em></span> 
     </span>
     <span class='ocr_line' id='line_1_23' title="bbox 925 3483 3762 3594; baseline 0.002 -34"><span class='ocrx_word' id='word_1_222' title='bbox 925 3484 1214 3561; x_wconf 89' lang='lat' dir='ltr'><strong>tionem</strong></span> <span class='ocrx_word' id='word_1_223' title='bbox 1264 3484 1378 3561; x_wconf 87' lang='lat' dir='ltr'><strong>vel</strong></span> <span class='ocrx_word' id='word_1_224' title='bbox 1417 3483 1965 3562; x_wconf 87' lang='lat' dir='ltr'><strong>absolutionem</strong></span> <span class='ocrx_word' id='word_1_225' title='bbox 2012 3485 2243 3590; x_wconf 81' lang='lat' dir='ltr'><strong>ullam</strong></span> <span class='ocrx_word' id='word_1_226' title='bbox 2293 3485 2734 3563; x_wconf 82' lang='lat' dir='ltr'><strong>calumniam</strong></span> <span class='ocrx_word' id='word_1_227' title='bbox 2788 3515 3142 3594; x_wconf 85' lang='lat' dir='ltr'><strong>generare</strong></span> <span class='ocrx_word' id='word_1_228' title='bbox 3178 3488 3762 3593; x_wconf 82' lang='lat' dir='ltr'><strong>praesumpserit,</strong></span> 
     </span>
     <span class='ocr_line' id='line_1_24' title="bbox 930 3613 3767 3723; baseline 0.003 -35"><span class='ocrx_word' id='word_1_229' title='bbox 930 3617 1116 3689; x_wconf 89' lang='lat' dir='ltr'><strong>iram</strong></span> <span class='ocrx_word' id='word_1_230' title='bbox 1164 3613 1694 3720; x_wconf 89' lang='lat' dir='ltr'><strong>omnipotentis</strong></span> <span class='ocrx_word' id='word_1_231' title='bbox 1752 3614 1896 3692; x_wconf 92' lang='lat' dir='ltr'><strong>Dei</strong></span> <span class='ocrx_word' id='word_1_232' title='bbox 1949 3615 2307 3705; x_wconf 84' lang='lat' dir='ltr'><strong>incurrat,</strong></span> <span class='ocrx_word' id='word_1_233' title='bbox 2376 3633 2452 3693; x_wconf 85' lang='lat' dir='ltr'><strong>et</strong></span> <span class='ocrx_word' id='word_1_234' title='bbox 2515 3616 2721 3723; x_wconf 89' lang='lat' dir='ltr'><strong>quod</strong></span> <span class='ocrx_word' id='word_1_235' title='bbox 2776 3617 2963 3723; x_wconf 88' lang='lat' dir='ltr'><strong>petit</strong></span> <span class='ocrx_word' id='word_1_236' title='bbox 3017 3646 3169 3694; x_wconf 92' lang='lat' dir='ltr'><strong>non</strong></span> <span class='ocrx_word' id='word_1_237' title='bbox 3218 3619 3575 3709; x_wconf 87' lang='lat' dir='ltr'><strong>vindicet,</strong></span> <span class='ocrx_word' id='word_1_238' title='bbox 3634 3618 3767 3696; x_wconf 86' lang='lat' dir='ltr'><strong>sed</strong></span> 
     </span>
     <span class='ocr_line' id='line_1_25' title="bbox 932 3744 3759 3856; baseline 0.002 -38"><span class='ocrx_word' id='word_1_239' title='bbox 932 3744 1231 3849; x_wconf 85' lang='lat' dir='ltr'><strong>insuper</strong></span> <span class='ocrx_word' id='word_1_240' title='bbox 1272 3761 1667 3849; x_wconf 89' lang='lat' dir='ltr'><strong>componat</strong></span> <span class='ocrx_word' id='word_1_241' title='bbox 1713 3745 1821 3823; x_wconf 90' lang='lat' dir='ltr'><strong>illi</strong></span> <span class='ocrx_word' id='word_1_242' title='bbox 1877 3747 1994 3823; x_wconf 90' lang='lat' dir='ltr'><strong>cui</strong></span> <span class='ocrx_word' id='word_1_243' title='bbox 2047 3747 2489 3824; x_wconf 87' lang='lat' dir='ltr'><strong>calumniam</strong></span> <span class='ocrx_word' id='word_1_244' title='bbox 2536 3745 2792 3825; x_wconf 86' lang='lat' dir='ltr'><strong>fecerit</strong></span> <span class='ocrx_word' id='word_1_245' title='bbox 2835 3748 2994 3825; x_wconf 88' lang='lat' dir='ltr'><strong>auri</strong></span> <span class='ocrx_word' id='word_1_246' title='bbox 3033 3747 3261 3825; x_wconf 89' lang='lat' dir='ltr'><strong>libras</strong></span> <span class='ocrx_word' id='word_1_247' title='bbox 3300 3750 3759 3856; x_wconf 86' lang='lat' dir='ltr'><strong>quingentas.</strong></span> 
     </span>
     <span class='ocr_line' id='line_1_26' title="bbox 927 3857 3766 3985; baseline 0.003 -38"><span class='ocrx_word' id='word_1_248' title='bbox 927 3873 1141 3949; x_wconf 81' lang='lat' dir='ltr'><strong>Facta</strong></span> <span class='ocrx_word' id='word_1_249' title='bbox 1166 3871 1480 3979; x_wconf 85' lang='lat' dir='ltr'><strong>glupitio</strong></span> <span class='ocrx_word' id='word_1_250' title='bbox 1522 3876 1656 3952; x_wconf 87' lang='lat' dir='ltr'><strong>ista</strong></span> <span class='ocrx_word' id='word_1_251' title='bbox 1681 3875 1798 3953; x_wconf 89' lang='lat' dir='ltr'><strong>vel</strong></span> <span class='ocrx_word' id='word_1_252' title='bbox 1825 3876 2199 3955; x_wconf 86' lang='lat' dir='ltr'><strong>absolutio</strong></span> <span class='ocrx_word' id='word_1_253' title='bbox 2226 3878 2304 3954; x_wconf 89' lang='lat' dir='ltr'><strong>in</strong></span> <span class='ocrx_word' id='word_1_254' title='bbox 2332 3906 2590 3956; x_wconf 87' lang='lat' dir='ltr'><strong>mense</strong></span> <span class='ocrx_word' id='word_1_255' title='bbox 2618 3879 2848 3985; x_wconf 80' lang='lat' dir='ltr'><strong>junii,</strong></span> <span class='ocrx_word' id='word_1_256' title='bbox 2881 3879 3253 3956; x_wconf 86' lang='lat' dir='ltr'><strong>residente</strong></span> <span class='ocrx_word' id='word_1_257' title='bbox 3285 3878 3364 3955; x_wconf 88' lang='lat' dir='ltr'><strong>in</strong></span> <span class='ocrx_word' id='word_1_258' title='bbox 3390 3857 3766 3984; x_wconf 54' lang='lat' dir='ltr'><strong>sede‘asso-</strong></span> 
     </span>
     <span class='ocr_line' id='line_1_27' title="bbox 928 4000 3816 4115; baseline 0.004 -38"><span class='ocrx_word' id='word_1_259' title='bbox 928 4000 1179 4078; x_wconf 85' lang='lat' dir='ltr'><strong>stolica</strong></span> <span class='ocrx_word' id='word_1_260' title='bbox 1229 4001 1642 4082; x_wconf 85' lang='lat' dir='ltr'><strong>Alexandro</strong></span> <span class='ocrx_word' id='word_1_261' title='bbox 1681 4008 1929 4112; x_wconf 81' lang='lat' dir='ltr'><strong>papa⁹,</strong></span> <span class='ocrx_word' id='word_1_262' title='bbox 1990 4024 2209 4114; x_wconf 84' lang='lat' dir='ltr'><strong>atque</strong></span> <span class='ocrx_word' id='word_1_263' title='bbox 2250 4007 2593 4115; x_wconf 89' lang='lat' dir='ltr'><strong>Philippo</strong></span> <span class='ocrx_word' id='word_1_264' title='bbox 2650 4010 3103 4086; x_wconf 87' lang='lat' dir='ltr'><strong>Francorum</strong></span> <span class='ocrx_word' id='word_1_265' title='bbox 3151 4037 3325 4114; x_wconf 86' lang='lat' dir='ltr'><strong>rege</strong></span> <span class='ocrx_word' id='word_1_266' title='bbox 3384 4025 3760 4115; x_wconf 82' lang='lat' dir='ltr'><strong>regnante.</strong></span> <span class='ocrx_word' id='word_1_267' title='bbox 3809 4081 3816 4088; x_wconf 90' lang='lat'><strong>.</strong></span> 
     </span>
     <span class='ocr_line' id='line_1_28' title="bbox 927 4132 3766 4245; baseline 0.001 -35"><span class='ocrx_word' id='word_1_268' title='bbox 927 4134 1002 4210; x_wconf 85' lang='lat' dir='ltr'><strong>S.</strong></span> <span class='ocrx_word' id='word_1_269' title='bbox 1056 4132 1505 4241; x_wconf 83' lang='lat' dir='ltr'><strong>Engelsianae</strong></span> <span class='ocrx_word' id='word_1_270' title='bbox 1556 4164 1719 4242; x_wconf 84' lang='lat' dir='ltr'><strong>quae</strong></span> <span class='ocrx_word' id='word_1_271' title='bbox 1758 4135 1903 4213; x_wconf 89' lang='lat' dir='ltr'><strong>hoc</strong></span> <span class='ocrx_word' id='word_1_272' title='bbox 1953 4135 2234 4214; x_wconf 89' lang='lat' dir='ltr'><strong>donum</strong></span> <span class='ocrx_word' id='word_1_273' title='bbox 2292 4136 2456 4215; x_wconf 89' lang='lat' dir='ltr'><strong>fieri</strong></span> <span class='ocrx_word' id='word_1_274' title='bbox 2505 4139 2808 4245; x_wconf 86' lang='lat' dir='ltr'><strong>rogavit.</strong></span> <span class='ocrx_word' id='word_1_275' title='bbox 2872 4137 2945 4217; x_wconf 91' lang='lat' dir='ltr'><strong>S.</strong></span> <span class='ocrx_word' id='word_1_276' title='bbox 3000 4138 3368 4217; x_wconf 84' lang='lat' dir='ltr'><strong>Gnidonis</strong></span> <span class='ocrx_word' id='word_1_277' title='bbox 3421 4138 3542 4215; x_wconf 89' lang='lat' dir='ltr'><strong>del</strong></span> <span class='ocrx_word' id='word_1_278' title='bbox 3591 4140 3766 4215; x_wconf 88' lang='lat' dir='ltr'><strong>Las-</strong></span> 
     </span>
    </p>
   </div>
   <div class='ocr_carea' id='block_1_3' title="bbox 1009 4323 3764 4415">
    <p class='ocr_par' dir='ltr' id='par_1_3' title="bbox 1009 4323 3764 4415">
     <span class='ocr_line' id='line_1_29' title="bbox 1009 4323 3764 4415; baseline 0.002 -32"><span class='ocrx_word' id='word_1_279' title='bbox 1009 4323 1028 4352; x_wconf 79' lang='lat'><strong>⁵</strong></span> <span class='ocrx_word' id='word_1_280' title='bbox 1074 4323 1533 4387; x_wconf 83' lang='lat' dir='ltr'><strong>Archambaldus</strong></span> <span class='ocrx_word' id='word_1_281' title='bbox 1574 4326 1683 4397; x_wconf 83' lang='lat'>111,</span> <span class='ocrx_word' id='word_1_282' title='bbox 1730 4328 2049 4390; x_wconf 83' lang='lat' dir='ltr'><strong>vicecomes</strong></span> <span class='ocrx_word' id='word_1_283' title='bbox 2098 4329 2264 4390; x_wconf 88' lang='lat' dir='ltr'><strong>Com·</strong></span> <span class='ocrx_word' id='word_1_284' title='bbox 2419 4329 2575 4410; x_wconf 85' lang='lat' dir='ltr'><strong>(vid.</strong></span> <span class='ocrx_word' id='word_1_285' title='bbox 2598 4330 2789 4392; x_wconf 79' lang='lat' dir='ltr'><strong>Baluz.</strong></span> <span class='ocrx_word' id='word_1_286' title='bbox 2816 4330 2958 4391; x_wconf 73' lang='lat' dir='ltr'><strong>Hist.</strong></span> <span class='ocrx_word' id='word_1_287' title='bbox 2985 4331 3158 4391; x_wconf 77' lang='lat' dir='ltr'><strong>Tatel.</strong></span> <span class='ocrx_word' id='word_1_288' title='bbox 3182 4352 3240 4415; x_wconf 89' lang='lat' dir='ltr'><strong>p.</strong></span> <span class='ocrx_word' id='word_1_289' title='bbox 3264 4332 3400 4401; x_wconf 78' lang='lat'><strong>123,</strong></span> <span class='ocrx_word' id='word_1_290' title='bbox 3426 4340 3484 4391; x_wconf 86' lang='lat' dir='ltr'><strong>et</strong></span> <span class='ocrx_word' id='word_1_291' title='bbox 3496 4328 3764 4391; x_wconf 82' lang='lat' dir='ltr'><strong>Gaufridi</strong></span> 
     </span>
    </p>
   </div>
   <div class='ocr_carea' id='block_1_4' title="bbox 922 4425 3765 4722">
    <p class='ocr_par' dir='ltr' id='par_1_4' title="bbox 922 4425 3765 4722">
     <span class='ocr_line' id='line_1_30' title="bbox 925 4425 3765 4517; baseline 0.002 -32"><span class='ocrx_word' id='word_1_292' title='bbox 925 4425 1249 4486; x_wconf 78' lang='lat' dir='ltr'><strong>bomensis.</strong></span> <span class='ocrx_word' id='word_1_293' title='bbox 2414 4432 2705 4494; x_wconf 81' lang='lat' dir='ltr'><strong>Vosiensis</strong></span> <span class='ocrx_word' id='word_1_294' title='bbox 2753 4433 3054 4495; x_wconf 75' lang='lat' dir='ltr'><strong>Chronicon</strong></span> <span class='ocrx_word' id='word_1_295' title='bbox 3093 4432 3248 4517; x_wconf 83' lang='lat' dir='ltr'><strong>apud</strong></span> <span class='ocrx_word' id='word_1_296' title='bbox 3297 4432 3403 4493; x_wconf 86' lang='lat' dir='ltr'><strong>Ph.</strong></span> <span class='ocrx_word' id='word_1_297' title='bbox 3447 4431 3628 4493; x_wconf 81' lang='lat' dir='ltr'><strong>Labb.</strong></span> <span class='ocrx_word' id='word_1_298' title='bbox 3670 4429 3765 4492; x_wconf 84' lang='lat' dir='ltr'><strong>Bi·</strong></span> 
     </span>
     <span class='ocr_line' id='line_1_31' title="bbox 1007 4526 3616 4616; baseline 0.004 -29"><span class='ocrx_word' id='word_1_299' title='bbox 1007 4526 1027 4556; x_wconf 81' lang='lat'>⁸</span> <span class='ocrx_word' id='word_1_300' title='bbox 1068 4527 1187 4602; x_wconf 85' lang='lat' dir='ltr'><strong>Qui</strong></span> <span class='ocrx_word' id='word_1_301' title='bbox 1243 4529 1353 4590; x_wconf 86' lang='lat' dir='ltr'><strong>fuit</strong></span> <span class='ocrx_word' id='word_1_302' title='bbox 1392 4530 1883 4594; x_wconf 81' lang='lat' dir='ltr'><strong>Ventedornensis</strong></span> <span class='ocrx_word' id='word_1_303' title='bbox 1949 4534 2265 4595; x_wconf 73' lang='lat' dir='ltr'><strong>vicecomes</strong></span> <span class='ocrx_word' id='word_1_304' title='bbox 2416 4535 2598 4597; x_wconf 76' lang='lat' dir='ltr'><strong>blioth.</strong></span> <span class='ocrx_word' id='word_1_305' title='bbox 2626 4557 2743 4596; x_wconf 81' lang='lat' dir='ltr'><strong>nov.</strong></span> <span class='ocrx_word' id='word_1_306' title='bbox 2776 4557 2895 4596; x_wconf 77' lang='lat' dir='ltr'><strong>mss.</strong></span> <span class='ocrx_word' id='word_1_307' title='bbox 2923 4547 2961 4595; x_wconf 92' lang='lat' dir='ltr'><strong>t.</strong></span> <span class='ocrx_word' id='word_1_308' title='bbox 2992 4536 3098 4616; x_wconf 86' lang='lat'><em>11.)</em></span> <span class='ocrx_word' id='word_1_309' title='bbox 3609 4561 3616 4576; x_wconf 71' lang='lat'><strong><em>¹</em></strong></span> 
     </span>
     <span class='ocr_line' id='line_1_32' title="bbox 922 4630 3320 4722; baseline 0.003 -33"><span class='ocrx_word' id='word_1_310' title='bbox 922 4630 1160 4712; x_wconf 84' lang='lat' dir='ltr'><strong>primus.</strong></span> <span class='ocrx_word' id='word_1_311' title='bbox 2499 4636 2520 4669; x_wconf 82' lang='lat'>⁸</span> <span class='ocrx_word' id='word_1_312' title='bbox 2566 4638 2817 4722; x_wconf 76' lang='lat' dir='ltr'><strong>Galserio</strong></span> <span class='ocrx_word' id='word_1_313' title='bbox 2840 4638 3004 4698; x_wconf 82' lang='lat' dir='ltr'><strong>deest</strong></span> <span class='ocrx_word' id='word_1_314' title='bbox 3027 4636 3141 4700; x_wconf 89' lang='lat' dir='ltr'><strong>SG.</strong></span> <span class='ocrx_word' id='word_1_315' title='bbox 3173 4649 3231 4699; x_wconf 90' lang='lat' dir='ltr'><strong>et</strong></span> <span class='ocrx_word' id='word_1_316' title='bbox 3255 4636 3320 4699; x_wconf 90' lang='lat' dir='ltr'><strong>C.</strong></span> 
     </span>
    </p>
   </div>
   <div class='ocr_carea' id='block_1_5' title="bbox 921 4729 3764 5028">
    <p class='ocr_par' dir='ltr' id='par_1_5' title="bbox 921 4729 3764 5028">
     <span class='ocr_line' id='line_1_33' title="bbox 1003 4729 3761 4824; baseline 0.003 -33"><span class='ocrx_word' id='word_1_317' title='bbox 1003 4729 1028 4759; x_wconf 84' lang='lat'><strong>&#39;⁷</strong></span> <span class='ocrx_word' id='word_1_318' title='bbox 1071 4730 1188 4805; x_wconf 87' lang='lat' dir='ltr'><strong>Qui</strong></span> <span class='ocrx_word' id='word_1_319' title='bbox 1224 4745 1356 4816; x_wconf 75' lang='lat' dir='ltr'><strong>post</strong></span> <span class='ocrx_word' id='word_1_320' title='bbox 1392 4735 1618 4795; x_wconf 88' lang='lat' dir='ltr'><strong>obitum</strong></span> <span class='ocrx_word' id='word_1_321' title='bbox 1651 4736 1840 4797; x_wconf 81' lang='lat' dir='ltr'><strong>fratris</strong></span> <span class='ocrx_word' id='word_1_322' title='bbox 1865 4737 1956 4797; x_wconf 88' lang='lat' dir='ltr'><strong>sui</strong></span> <span class='ocrx_word' id='word_1_323' title='bbox 1989 4739 2265 4800; x_wconf 83' lang='lat' dir='ltr'><strong>Archam·</strong></span> <span class='ocrx_word' id='word_1_324' title='bbox 2498 4739 2520 4769; x_wconf 77' lang='lat'><strong>⁹</strong></span> <span class='ocrx_word' id='word_1_325' title='bbox 2561 4740 2774 4802; x_wconf 87' lang='lat' dir='ltr'><strong>Sedem</strong></span> <span class='ocrx_word' id='word_1_326' title='bbox 2814 4740 3187 4824; x_wconf 78' lang='lat' dir='ltr'><strong>apostolicam</strong></span> <span class='ocrx_word' id='word_1_327' title='bbox 3226 4739 3553 4801; x_wconf 79' lang='lat' dir='ltr'><strong>Alexander</strong></span> <span class='ocrx_word' id='word_1_328' title='bbox 3593 4760 3761 4799; x_wconf 88' lang='lat' dir='ltr'><strong>occu·</strong></span> 
     </span>
     <span class='ocr_line' id='line_1_34' title="bbox 921 4830 3764 4927; baseline 0.003 -35"><span class='ocrx_word' id='word_1_329' title='bbox 921 4830 1300 4901; x_wconf 79' lang='lat' dir='ltr'><strong>baldi‚Ebolo</strong></span> <span class='ocrx_word' id='word_1_330' title='bbox 1322 4847 1530 4918; x_wconf 77' lang='lat' dir='ltr'><strong>nepote</strong></span> <span class='ocrx_word' id='word_1_331' title='bbox 1550 4858 1659 4896; x_wconf 83' lang='lat' dir='ltr'><strong>suo</strong></span> <span class='ocrx_word' id='word_1_332' title='bbox 1678 4838 1994 4910; x_wconf 79' lang='lat' dir='ltr'><strong>interfecto,</strong></span> <span class='ocrx_word' id='word_1_333' title='bbox 2008 4850 2263 4901; x_wconf 83' lang='lat' dir='ltr'><strong>castrum</strong></span> <span class='ocrx_word' id='word_1_334' title='bbox 2341 4891 2349 4898; x_wconf 91' lang='lat'><em>.</em></span> <span class='ocrx_word' id='word_1_335' title='bbox 2410 4843 2565 4927; x_wconf 69' lang='lat' dir='ltr'><strong>pavit</strong></span> <span class='ocrx_word' id='word_1_336' title='bbox 2615 4865 2649 4903; x_wconf 85' lang='lat' dir='ltr'><strong>a</strong></span> <span class='ocrx_word' id='word_1_337' title='bbox 2692 4864 2894 4904; x_wconf 82' lang='lat' dir='ltr'><strong>mense</strong></span> <span class='ocrx_word' id='word_1_338' title='bbox 2937 4843 3250 4927; x_wconf 86' lang='lat' dir='ltr'><strong>septembri</strong></span> <span class='ocrx_word' id='word_1_339' title='bbox 3292 4843 3432 4904; x_wconf 86' lang='lat' dir='ltr'><strong>anni</strong></span> <span class='ocrx_word' id='word_1_340' title='bbox 3484 4839 3631 4906; x_wconf 80' lang='lat'>1061</span> <span class='ocrx_word' id='word_1_341' title='bbox 3688 4840 3764 4901; x_wconf 85' lang='lat' dir='ltr'><strong>ad</strong></span> 
     </span>
     <span class='ocr_line' id='line_1_35' title="bbox 922 4936 2788 5028; baseline 0.006 -33"><span class='ocrx_word' id='word_1_342' title='bbox 922 4946 978 4995; x_wconf 89' lang='lat' dir='ltr'><strong>et</strong></span> <span class='ocrx_word' id='word_1_343' title='bbox 1020 4936 1482 4998; x_wconf 78' lang='lat' dir='ltr'><strong>vicecomitatum</strong></span> <span class='ocrx_word' id='word_1_344' title='bbox 1509 4937 2007 5004; x_wconf 76' lang='lat' dir='ltr'><strong>Combornensem</strong></span> <span class='ocrx_word' id='word_1_345' title='bbox 2036 4943 2258 5004; x_wconf 82' lang='lat' dir='ltr'><strong>invasit.</strong></span> <span class='ocrx_word' id='word_1_346' title='bbox 2412 4943 2574 5028; x_wconf 86' lang='lat' dir='ltr'><strong>april.</strong></span> <span class='ocrx_word' id='word_1_347' title='bbox 2612 4967 2631 5005; x_wconf 81' lang='grc' dir='ltr'><strong>ι</strong></span> <span class='ocrx_word' id='word_1_348' title='bbox 2646 4945 2788 5027; x_wconf 82' lang='grc'><strong>073.</strong></span> 
     </span>
    </p>
   </div>
  </div>
 </body>
</html>
