4442 5769
1359 606 2005 680 MONASTERII
2066 608 2199 681 DE
2267 608 2891 684 BELLOLOCO.
3076 658 3093 677 .
3441 607 3529 677 61

709 773 1178 854 manentibus
1220 789 1296 850 et
1345 775 1442 851 ad
1490 774 1722 882 ipsam
1765 793 2049 854 curtem
2098 776 2656 883 aspicientibus,
2706 795 2779 853 et
2822 778 2916 854 ad
2954 776 3199 856 villam
3251 774 3539 852 Afriaco

710 905 1106 1013 aspiciunt;
1138 904 1300 980 Deo
1340 904 1674 983 salvatori
1709 906 2083 994 omnium,
2124 907 2320 1012 ipsas
2352 932 2472 984 res
2510 908 2854 1013 superius
2895 906 3333 992 nominatae„
3365 932 3535 980 cum

663 1046 674 1057 ”
712 1034 1020 1141 campis,
1058 1033 1331 1123 vineis,
1375 1034 1639 1140 pratis,
1682 1036 2005 1142 pascuis»,
2047 1036 2278 1125 silvis,
2321 1035 2779 1143 adjacentiis,
2834 1036 3084 1113 omnia
3131 1051 3205 1113 et
3249 1063 3337 1111 ex
3385 1061 3544 1110 om-

711 1165 962 1254 nibus,
994 1181 1678 1271 quantumcumque
1710 1165 1806 1241 ad
1834 1166 2069 1271 ipsam
2100 1182 2384 1242 curtem
2425 1165 2684 1272 aspicit
2717 1184 2843 1242 aut
2872 1167 3194 1272 aspicere
3224 1164 3538 1249 videtur,

714 1312 788 1375 et
812 1296 887 1374 S.
920 1297 1140 1371 Petro
1181 1293 1594 1385 offerimus,
1633 1294 2116 1401 instipendiis
2147 1313 2225 1373 et
2250 1295 2510 1373 usibus
2543 1298 3110 1384 monachorum,
3140 1322 3277 1401 pro
3302 1321 3546 1371 reme-

713 1425 840 1502 dio
878 1426 1140 1502 animae
1172 1452 1356 1501 meae
1388 1442 1464 1502 et
1499 1424 1739 1502 anima
1766 1425 1994 1531 patris
2015 1425 2199 1518 mei,
2232 1453 2365 1502 seu
2392 1452 2530 1531 pro
2562 1426 2807 1501 anima
2835 1424 3181 1502 Ademari
3210 1424 3541 1511 comitis,

714 1573 797 1632 ut
829 1570 1000 1661 post
1031 1553 1470 1631 hodiernam
1515 1552 1718 1630 diem
1756 1553 2052 1644 faciant,
2093 1573 2245 1633 tam
2284 1553 2425 1662 ipsi
2465 1582 2688 1660 quam
2728 1580 3199 1632 successores
3243 1581 3541 1643 eorum,

715 1685 789 1760 in
831 1683 1215 1775 omnibus»,
1247 1682 1416 1789 jure
1459 1683 1984 1773 ecclesiastico,
2016 1684 2380 1790 quicquid
2424 1684 2810 1790 elegerint.
2835 1685 2947 1762 De
2979 1682 3547 1789 repetitionibus

711 1842 918 1901 vero,
974 1813 1180 1920 quod
1218 1812 1527 1889 minime
1576 1814 1988 1906 credimus,
2031 1814 2088 1890 si
2131 1841 2268 1890 nos
2309 1815 2481 1920 ipsi,
2525 1812 2900 1892 voluntate
2940 1830 3190 1890 nostra
3234 1828 3541 1898 mutata,

713 1962 841 2021 aut
880 1941 1073 2020 ullus
1111 1944 1330 2020 heres
1369 1960 1648 2032 noster,
1698 1943 1813 2021 vel
1852 1944 2002 2021 ulla
2049 1944 2375 2023 immissa
2414 1972 2763 2050 persona,
2808 1945 2933 2050 qui
2985 1961 3235 2021 contra
3279 1943 3547 2019 cessio-

719 2102 891 2151 nem
938 2074 1148 2151 istam
1206 2073 1648 2151 calumniam
1696 2101 2047 2181 generare
2098 2075 2503 2163 conaverit,
2569 2075 2888 2153 sociante
2939 2072 3116 2151 fisco
3157 2090 3549 2181 componat

717 2204 838 2280 cui
863 2221 1108 2280 contra
1134 2231 1362 2309 quem
1391 2203 1599 2281 litem
1619 2203 1987 2291 intulerit,
2024 2204 2180 2280 auri
2212 2202 2441 2281 libras
2467 2205 3022 2311 quinquaginta,
3052 2202 3334 2311 argenti
3358 2231 3511 2309 pon
3536 2250 3548 2261 -

717 2333 917 2411 deris
944 2351 1237 2409 centum
1256 2392 1274 2421 ‚
1309 2350 1604 2412 coactus
1631 2333 1986 2422 exsolvat,
2020 2350 2096 2411 et
2112 2362 2241 2412 sua
2264 2334 2610 2448 repetitio
2636 2333 2929 2411 nullum
2966 2333 3296 2411 obtineat
3331 2333 3549 2410 effec-

716 2481 873 2541 tum
895 2522 913 2552 ,
958 2463 1087 2542 sed
1127 2491 1445 2569 praesens
1473 2463 1707 2542 cessio
1744 2464 1880 2542 ista
1920 2461 2132 2541 firma
2172 2481 2249 2541 et
2283 2463 2710 2542 inconvulsa
2750 2480 3174 2569 permaneat
3223 2490 3391 2540 cum
3426 2463 3551 2539 sti-

716 2592 1097 2699 pulatione
1136 2593 1468 2671 subnixa.
1509 2595 1814 2671 Factum
1856 2611 1968 2672 est
2004 2594 2151 2673 hoc
2188 2611 2714 2672 testamentum
2747 2596 2825 2670 in
2855 2621 3107 2670 mense
3129 2592 3544 2680 novembri,

717 2750 909 2801 anno
949 2731 1009 2801 1⁸
1046 2724 1296 2815 Karoli
1331 2725 1550 2831 regis,
1591 2725 1665 2802 S.
1697 2723 2079 2803 Gotafredi
2098 2729 2152 2802 ⁹.
2187 2726 2263 2804 S.
2298 2723 2677 2804 Godilanae
2716 2702 2965 2801 uxoris
3002 2724 3194 2830 ejus,
3231 2724 3361 2831 qui
3398 2750 3553 2800 ces-

717 2853 1003 2976 sionem
1037 2852 1201 2932 fieri
1239 2872 1316 2933 et
1340 2853 1713 2933 adfirmari
1740 2852 2199 2963 rogaverunt.
2233 2856 2308 2934 S.
2337 2852 2685 2933 Ademari
2723 2854 3037 2932 comitiS.
3073 2855 3146 2931 S.
3184 2853 3544 2933 Rotberti.

719 2983 795 3061 S.
829 2982 1316 3063 Aderbertiw.
1358 2985 1432 3063 S.
1465 2985 1887 3064 Gauzberti.
1934 2986 2008 3063 S.
2050 2985 2430 3064 Eldoardi.
2474 2986 2551 3064 S.
2585 2984 2955 3060 Aimerici.
3000 2983 3074 3060 S.
3103 2982 3434 3061 Galterii.

2028 3577 2243 3652 XXX.

1447 3783 1631 3846 Breve
1658 3782 1995 3882 memoriale
2022 3781 2187 3865 quoti
2204 3784 2381 3866 jussit
2408 3780 2656 3843 Ebolus¹
2690 3779 2835 3842 fieri.

833 4027 1175 4133 Inprimis
1243 4026 1537 4108 dimitto
1602 4027 1677 4105 S.
1733 4027 1951 4104 Petro
1998 4024 2335 4103 Belliloci
2397 4025 2783 4102 ecclesiam
2852 4052 3094 4101 meam
3156 4025 3249 4101 de
3303 4025 3557 4102 Stran-

727 4156 1020 4263 quillo³,
1061 4186 1231 4235 cum
1266 4157 1666 4234 medietate
1708 4154 1801 4234 de
1842 4155 1977 4233 illo
2017 4156 2302 4233 clause*
2339 4155 2472 4261 qui
2517 4171 2628 4230 est
2664 4153 2805 4244 ibi,
2841 4171 2914 4230 et
2952 4154 3163 4230 aliam
3201 4153 3555 4230 medieta-

810 4346 831 4377 ⁸
874 4347 1018 4407 Anu.
1053 4367 1116 4406 11
1150 4347 1217 4408 Β.
1251 4345 1386 4408 Haec
1413 4359 1552 4409 nota
1590 4346 1863 4408 chronica
1901 4347 2064 4408 deest
2296 4343 2318 4375 ‘
2365 4344 2672 4430 Godofmdi.
2710 4346 2777 4405 B.

726 4448 840 4512 SG.
858 4497 872 4519 ,
894 4448 998 4510 ubi
1014 4448 1179 4510 locus
1198 4470 1413 4510 vacuus
1435 4447 1670 4511 relictus
1694 4462 1798 4511 est.
1819 4447 2062 4511 Carolus
2302 4446 2343 4479 ¹⁰
2386 4447 2444 4511 S.
2477 4446 2746 4509 Adebmi.
2781 4445 2847 4505 Β.
2877 4445 2935 4506 S.
2965 4442 3242 4504 Aldoaldi.
3277 4444 3343 4504 Β.

725 4551 831 4613 iste
860 4550 1115 4635 Simplex
1145 4551 1591 4635 cognominatus
1619 4549 1745 4613 fuit.

814 4780 830 4810 ¹
875 4780 1095 4843 Ebolus
1119 4782 1228 4843 iste
1249 4782 1568 4843 vicecomes
1588 4780 1724 4851 fuit,
1751 4791 1817 4841 ut
1834 4782 2063 4864 opinor,
2218 4793 2309 4843 ter
2343 4803 2435 4842 an.
2478 4781 2630 4863 1095
2664 4791 2721 4841 et
2752 4800 2843 4840 an.
2888 4802 2907 4840 ι
2930 4800 3045 4861 170
3074 4780 3412 4865 ponendum
3451 4791 3555 4839 est.

727 4882 1247 4953 Ventedomensis,
1276 4883 1567 4945 secundus
1597 4883 1853 4945 nomine.
2303 4882 2324 4914 ³
2366 4881 2770 4963 Destrunqm'llo
2799 4881 2862 4941 Β.

811 4982 831 5013 ²
860 4985 1113 5070 Tempus
1139 4985 1301 5069 quod
1323 4985 1544 5048 Ebolus
1567 4986 1629 5047 in
1650 4985 1763 5047 vita
1777 4985 1961 5069 degit,
1986 4987 2068 5047 in-
2306 4983 2326 5016 *
2371 4984 2566 5046 Clauso
2591 4986 2684 5066 qui
2712 4984 2925 5045 desunt
2953 4982 3066 5046 SG.

3684 4033 3835 4086 Circa
3861 4050 3942 4085 an.

3639 4145 3655 4178 ι
3676 4125 3832 4180 uos-1
3850 4127 4001 4197 170¹.

3596 4327 3644 4368 Β.
3661 4340 3708 4382 p.
3725 4328 3794 4381 ἐς.
3813 4326 3893 4368 SG.
3910 4341 3952 4382 p.
3969 4328 4041 4368 66.

3706 4401 3755 4443 c,
3776 4415 3820 4457 p.
3842 4401 3911 4443 σε.
