4442 5769
1365 587 1999 664 MONASTERII
2061 588 2194 660 DE
2255 587 2887 662 BELLOLOCO.
3319 619 3326 622 ·
3403 589 3552 660 255

711 758 897 835 dum
938 774 1015 835 et
1051 754 1588 863 possidendum
1625 755 1739 864 [et
1776 754 2234 862 faciendum}
2261 755 2431 864 jure
2475 754 2966 834 ecclesiastico
3004 756 3366 862 quicquid
3408 756 3555 833 ele—

706 890 974 998 gerint.
1006 889 1130 977 Et,
1175 887 1236 965 si
1271 886 1807 965 monasterium
1848 886 2036 964 illud
2079 885 2158 962 in
2203 913 2378 963 meo
2416 902 2754 992 tempore
2791 913 2944 964 non
2987 885 3214 963 fuerit
3256 886 3548 978 stabile,

707 1048 895 1098 meoe
913 1048 1035 1097 res
1052 1046 1224 1096 cum
1249 1017 1408 1124 ipsa
1438 1035 1655 1108 carta,
1691 1018 1852 1095 sine
1880 1015 2031 1095 ulla
2063 1016 2686 1110 contradictione,
2716 1017 2812 1094 ad
2834 1045 2956 1092 me
2981 1017 3435 1122 perveniant,
3469 1047 3552 1095 ea

705 1149 981 1228 scilicet
1012 1150 1324 1240 ratione,
1369 1166 1456 1228 ut
1490 1149 1551 1226 si
1593 1148 1862 1257 aliquis
1895 1166 2142 1228 rector
2182 1148 2520 1255 ejusdem
2556 1147 2700 1225 loci
2741 1148 2935 1255 ipsas
2975 1175 3096 1224 res
3134 1147 3212 1222 in
3254 1146 3554 1224 alterius

701 1297 1154 1387 potestatem
1187 1280 1480 1358 tradere
1519 1279 1869 1370 voluerit,
1904 1279 2190 1385 proprii
2226 1278 2561 1356 haeredes
2589 1278 2736 1356 mei
2774 1278 2852 1354 in
2890 1306 3100 1355 suam
3142 1277 3411 1355 faciant
3439 1307 3555 1353 re-

704 1439 964 1490 vocare
996 1427 1465 1518 potestatem.
1492 1412 1864 1489 Futurum
1898 1410 2100 1487 enim
2131 1409 2344 1517 quod
2367 1409 2684 1487 minime
2705 1409 3116 1498 credimus,
3141 1408 3200 1486 si
3225 1435 3362 1516 ego
3394 1409 3553 1513 ipse

705 1558 834 1620 aut
864 1540 1063 1619 ullus
1089 1568 1175 1616 ex
1205 1539 1618 1619 heredibus
1642 1540 1829 1618 meis
1853 1539 1969 1618 vel
1996 1539 2358 1647 quislibet
2385 1540 2615 1618 homo
2644 1556 2899 1617 contra
2928 1539 3120 1615 hanc
3144 1539 3552 1616 cessionem

703 1700 927 1778 quam
956 1670 1303 1749 manibus
1337 1670 1522 1748 meis
1546 1669 2085 1758 subterfirmavi
2102 1733 2119 1763 ,
2143 1670 2432 1748 venerit
2459 1687 2587 1748 aut
2608 1669 3126 1777 tergiversator
3151 1667 3546 1756 adstiterit,

703 1800 1049 1907 inprimis
1088 1802 1275 1878 iram
1323 1801 1466 1879 Dei
1511 1801 1841 1879 incurrat
1889 1817 1966 1878 et
2010 1800 2107 1877 ad
2156 1800 2419 1879 limina
2466 1799 2717 1910 altaris
2755 1799 3064 1877 minime
3108 1797 3437 1884 accedat,
3480 1816 3552 1898 et

702 1931 779 2011 S.
812 1913 1117 2009 Petrum
1144 1933 1594 2012 contrarium
1621 1930 1924 2023 habeat,
1952 1948 2029 2008 et
2059 1930 2365 2038 insuper
2392 1948 2793 2037 componat
2821 1929 2941 2006 cui
2974 1929 3184 2007 litem
3220 1929 3551 2006 intulerit

704 2091 854 2139 una
905 2089 1077 2138 cum
1125 2062 1328 2140 socio
1371 2059 1551 2140 fisco
1597 2062 1759 2140 auri
1797 2061 2025 2140 libras
2062 2062 2398 2169 quinque
2441 2061 2724 2171 argenti
2764 2060 3098 2167 pondera
3138 2060 3432 2146 decern,
3480 2076 3554 2135 et

703 2220 836 2268 sua
870 2193 1218 2300 repetitio
1249 2191 1546 2270 nullum
1582 2191 1918 2270 obtineat
1958 2190 2346 2283 effectum3
2380 2191 2515 2270 sed
2544 2218 2863 2299 proesens
2894 2191 3130 2268 cessio
3161 2189 3298 2267 ista
3337 2188 3551 2266 firma

702 2322 933 2400 valeat
964 2322 1371 2428 perdurare
1401 2351 1575 2400 cum
1606 2322 2080 2430 stipulatione
2113 2322 2445 2402 subnixa.
2477 2324 2697 2399 Facta
2737 2339 2849 2400 est
2874 2320 3033 2399 haec
3061 2321 3295 2400 cessio
3326 2320 3549 2399 tertio

701 2451 1048 2531 kalendas
1081 2453 1408 2560 augusti,
1452 2480 1645 2531 anno
1686 2480 1730 2533 v
1767 2453 2018 2532 Karoli
2057 2454 2409 2532 minoris⁹
2446 2454 2665 2560 regis.
2710 2452 2786 2532 S.
2823 2453 3155 2560 Autgarii
3194 2451 3326 2559 qui
3362 2452 3552 2529 hanc

703 2584 1117 2661 cessionem
1150 2584 1316 2662 fieri
1345 2583 1646 2692 rogavit.
1684 2584 1759 2664 S.
1793 2585 2124 2663 Eberini.
2160 2585 2236 2665 S.
2269 2583 2632 2665 Golmari.
2662 2584 2740 2664 S.
2769 2583 3262 2663 Teutbaldim.
3294 2581 3368 2660 S.
3399 2583 3552 2660 Ari-

702 2714 958 2793 modo.
998 2715 1073 2793 S.
1108 2714 1291 2824 Ago.
1320 2717 1396 2793 S.
1426 2714 1737 2794 Arluini.
1770 2716 1845 2795 S.
1879 2716 2244 2795 Donadei.
2273 2717 2347 2795 S.
2377 2715 2736 2796 Vamarii.
2770 2715 2845 2795 S.
2874 2714 3208 2793 Ainardi.

1881 3318 2380 3400 chxxlv¹.

882 3549 1183 3632 {venditio
1211 3550 1284 3611 ab
1313 3551 1575 3612 Immena
1604 3572 1885 3634 germano
1914 3573 2022 3612 suo
2054 3551 2306 3613 Rodulfo
2336 3551 2768 3636 archiepiscopo
2799 3552 2969 3623 facta,
3007 3552 3082 3612 de
3111 3550 3376 3635 pluribus

1449 3656 1510 3714 in
1543 3653 1906 3737 Blaugurgo‚
1941 3654 2192 3716 Estivale
2221 3666 2280 3715 et
2306 3655 2575 3716 Aveziaco
2605 3655 2789 3737 villa.]

806 3890 1132 3967 Domino
1164 3918 1247 3966 ac
1273 3891 1676 3969 venerabili
1717 3884 1929 3969 fratri
1961 3891 2521 3998 archiepiscopo
2562 3909 2923 3997 emptore.
2958 3892 3114 3998 Ego
3157 3892 3357 3967 enim
3398 3894 3545 3967 Im·
3674 3909 3790 3961 Mai.
3821 3909 3946 3979 847.

694 4048 912 4097 mena
960 4020 1125 4098 Deo
1178 4039 1452 4098 sacrata
1470 4027 1523 4111 ²,
1574 4039 1864 4099 constat
1910 4050 2030 4099 me
2082 4021 2294 4100 vobis
2332 4021 2752 4100 vendidisse
2799 4039 2876 4099 et
2923 4021 3022 4097 ita
3069 4020 3375 4098 vendidi
3427 4050 3544 4097 res

3690 4112 3737 4153 a.
3761 4127 3803 4168 p.
3832 4128 3926 4154 ω..

3677 4185 3758 4228 so.
3781 4201 3822 4243 p.
3848 4191 3945 4241 ηε.

778 4306 799 4335 ’
842 4305 1080 4367 Iunior-is
1102 4308 1200 4375 B.;
1222 4308 1386 4369 deest
1408 4311 1470 4369 in
1494 4311 1892 4394 manuscripto
1921 4310 2032 4374 SG.
2190 4308 2348 4370 filius
2379 4309 2569 4371 Caroli
2603 4309 2790 4378 Calvi,
2819 4310 3248 4392 Aquitauorum
3279 4330 3377 4370 rex
3418 4310 3540 4369 fuit.
3688 4261 3735 4311 ε’
3760 4276 3800 4317 Ρ·
3827 4265 3924 4314 '⁹³'

692 4408 795 4469 ubi
814 4407 976 4470 locus
998 4431 1214 4471 vacuus
1237 4409 1469 4471 relictus
1498 4422 1602 4471 est.
1630 4410 1873 4473 Carolus
1901 4413 2033 4481 iste,
2279 4411 2321 4442 ¹⁰
2375 4410 2657 4473 Teatbaldi
2684 4410 2742 4472 S.
2775 4408 3037 4470 Arimodo
3062 4409 3208 4495 Saqo
3234 4409 3375 4472 false
3395 4411 3460 4473 B.

775 4669 791 4699 ¹
821 4669 906 4730 Ex
935 4639 1070 4732 mss.
1089 4671 1156 4733 B.
1174 4671 1241 4733 C.
1264 4671 1410 4740 SG..
1443 4683 1500 4732 et
1526 4670 1863 4756 apographo
1881 4692 1937 4734 v.
1964 4671 2037 4733 cl.
2279 4671 2300 4703 ²
2341 4670 2624 4741 Immena,
2667 4671 2789 4732 filia
2838 4670 3104 4742 Rodulfi,
3146 4674 3544 4735 Turennensis

687 4770 924 4833 Chesnii
956 4772 1066 4835 loc.
1108 4773 1202 4834 cit.
1236 4771 1335 4834 fol.
1369 4793 1468 4857 9²·
1502 4771 1769 4835 Baluzius
1806 4773 1920 4835 hoc
1958 4776 2039 4835 in·
2192 4777 2440 4846 comitis,
2485 4797 2650 4837 soror
2686 4774 2745 4837 S.
2788 4774 3043 4846 Rodulfi.
3090 4775 3377 4837 abbatissa
3434 4775 3545 4836 fuit

687 4885 1080 4937 strumentum
1111 4875 1296 4937 edidit
1320 4874 1432 4938 loc.
1464 4878 1557 4939 cit.
1590 4878 1698 4939 col.
1734 4877 1856 4939 323
1873 4927 1886 4948 ,
1933 4876 2037 4940 sed
2189 4877 2522 4962 puellarum
2560 4878 2812 4941 coenobii
2853 4877 3009 4961 apud
3059 4877 3428 4941 Saraciacum
3479 4879 3541 4937 in

689 4977 1143 5061 subscriptiones
1167 4979 1397 5041 desunt.
2188 4979 2520 5043 Caturcino.
