4442 5769
936 576 1079 643 232
1942 568 2746 646 CHARTULARIUM

931 766 1201 815 vacuus
1249 756 1325 816 et
1366 740 1605 815 inanis
1647 755 1719 815 et
1758 737 2099 828 dolosus;
2143 756 2221 815 et
2267 737 2359 816 ab
2398 737 2719 816 Ecclesia
2756 740 2893 816 Dei
2935 738 3067 816 fiat
3103 758 3526 833 amnena,
3573 761 3648 820 et
3683 746 3760 821 in

930 869 1256 977 secundo
1289 868 1604 946 adventu
1636 868 1809 944 inde
1839 868 1933 945 sit
1963 868 2490 960 rationatums,
2526 885 2603 945 et
2629 869 2934 973 insuper
2961 889 3358 975 componat
3385 872 3481 948 ad
3518 873 3758 978 ipsum

928 998 1179 1076 locn'm
1210 1015 1542 1076 sanctum
1561 1061 1577 1089 ‚
1613 999 1913 1106 suisque
1950 999 2442 1077 servientibus
2471 1000 2640 1077 -auri
2672 997 2896 1076 libras
2925 1000 3110 1077 duas
3148 1003 3431 1107 argenti
3464 1004 3761 1109 pondus

928 1147 1247 1236 quatuor
1293 1148 1587 1207 coactus
1635 1129 1981 1216 exsolvam
2030 1147 2110 1205 et
2163 1130 2375 1236 quod
2417 1131 2608 1236 petit
2655 1129 3043 1220 vendicare
3092 1158 3244 1208 non
3297 1132 3574 1222 valeam,
3628 1134 3760 1211 sed

929 1262 1083 1338 haec
1130 1262 1360 1339 cessio
1402 1261 1760 1366 omnique
1796 1278 2133 1365 ternpore
2175 1262 2424 1366 quieta
2465 1278 2542 1336 et
2588 1259 2799 1337 firma
2836 1280 3269 1367 permaneat
3314 1292 3483 1339 cum
3525 1264 3761 1371 stipu-

926 1392 1198 1470 latione
1245 1392 1525 1469 adnixa.
1571 1391 1757 1469 Volo
1797 1391 2019 1468 etiarn
2070 1392 2399 1469 inserere
2439 1409 2527 1470 ut
2566 1391 2768 1468 diem
2809 1393 3277 1469 anniversarii
3322 1395 3466 1469 mei
3517 1394 3758 1472 stau-is

927 1524 1006 1598 in
1046 1525 1205 1628 ipso
1241 1520 1406 1598 loco
1442 1538 1994 1599 commanentes
2034 1521 2129 1598 de
2168 1522 2364 1629 ipsas
2404 1549 2524 1598 res
2555 1520 3041 1598 refectionem
3085 1522 3497 1600 habeantw.
3541 1526 3758 1602 Facta

928 1672 1037 1730 est
1076 1655 1310 1730 cessio
1353 1654 1489 1729 ista
1527 1653 1603 1728 in
1642 1679 1894 1728 mense
1935 1651 2228 1743 madio,
2271 1679 2468 1729 anno
2510 1679 2533 1729 1
2573 1651 2781 1758 quod
2816 1652 3419 1730 Karlamandus¹¹
3455 1684 3577 1732 rex
3620 1659 3758 1734 mi-

923 1785 1152 1890 gravit
1195 1812 1235 1858 a
1272 1782 1562 1860 saeculo.
1593 1783 1672 1860 S.
1710 1782 2103 1860 Aimenrici
2143 1783 2269 1888 qui
2301 1782 2710 1860 cessionem
2752 1782 2967 1859 istam
3009 1783 3171 1861 fieri
3215 1783 3326 1860 vel
3365 1783 3753 1863 adfirmare

925 1915 1223 2020 rogavit.
1251 1914 1326 1992 S.
1359 1913 1795 1991 Deotimiiss.
1831 1914 1906 1991 S.
1938 1912 2309 1990 Aimerici.
2334 1914 2412 1991 S.
2443 1912 2754 1990 Sikardi.
2780 1914 2855 1991 S.
2881 1912 3208 1990 Andrici.
3233 1915 3310 1991 S.
3329 1913 3747 1993 Adeballdi.

926 2046 999 2122 S.
1025 2044 1385 2122 Donadei.
1419 2045 1492 2122 S.
1519 2043 1958 2122 Guarberni.
1978 2042 2053 2121 S.
2078 2042 2456 2122 Eldoardi.
2481 2043 2557 2120 S.
2586 2042 2904 2149 Sigfredi
2926 2049 2997 2118 ¹³.
3022 2043 3099 2119 S.
3127 2044 3500 2121 Bernardi.
3526 2046 3599 2122 S.
3618 2046 3754 2123 Se-

922 2175 1211 2280 raphin.
1253 2174 1329 2251 S.
1362 2175 1637 2252 iterum
1668 2172 2029 2253 Donadei.

2152 2752 2515 2826 CLXVII.

1488 2970 1664 3050 [Laxa
1694 2968 1976 3054 Stephani
2006 2979 2065 3028 et
2091 2969 2287 3032 uxoris
2317 2970 2445 3050 ejus
2473 2966 2548 3028 de
2578 2967 2796 3051 capella
2825 2968 3193 3048 Venarciali.]

1031 3224 1516 3301 Sacrosanctae
1544 3223 1859 3301 basilicae
1895 3222 1969 3300 S.
2005 3222 2201 3299 Petri
2233 3219 2736 3299 Bellilocensis
2763 3222 3082 3299 coenobii
3111 3224 3572 3310 monasterii,
3617 3252 3752 3302 nos

921 3354 1117 3429 enim
1160 3355 1236 3430 in
1283 3352 1557 3432 Christi
1599 3354 1900 3431 nomine
1943 3352 2361 3457 Stephanus
2409 3370 2486 3428 et
2531 3379 2717 3430 uxor
2751 3379 2918 3428 mea
2964 3351 3466 3458 Aldegandis¹
3510 3357 3751 3430 consi-

920 3484 1338 3560 deravimus
1383 3511 1711 3559 amorem
1775 3481 2089 3558 coelestis
2148 3483 2431 3587 patriae,
2494 3498 2569 3557 et
2624 3481 2719 3557 de
2767 3483 2908 3560 Dei
2961 3483 3464 3560 misericordia
3517 3483 3748 3560 confi-

920 3617 1212 3702 dentes,
1266 3613 1598 3691 cedimus
1647 3612 1739 3689 ad
1792 3611 2327 3688 monasterium
2369 3610 2576 3717 quod
2613 3630 2915 3689 vocatur
2947 3612 3438 3702 BelluslocuS„
3489 3616 3585 3690 in·
3610 3613 3748 3690 ho-

916 3772 1179 3822 norem
1227 3742 1566 3821 videlicet
1614 3744 1749 3822 Dei
1793 3757 1871 3819 ef
1908 3742 1980 3819 S.
2025 3741 2258 3830 Petri.
2304 3742 2807 3846 apostolorum
2849 3745 3232 3849 principi&
3277 3743 3746 3850 aliorumque

915 3891 1334 3954 sanctorum
1380 3875 1507 3951 ubi
1550 3874 1659 3949 vir
1696 3871 2134 3950 venerabilis
2168 3871 2535 3949 Rodulfus
2564 3871 2787 3949 abbas
2815 3900 3082 3978 praesse
3116 3873 3430 3961 videtur,
3466 3874 3608 3950 hoc
3638 3891 3748 3949 est

915 4008 1268 4112 capellam
1308 4023 1632 4082 nostram
1675 4003 2279 4080 indominicatam
2305 4023 2483 4108 ‘quae
2525 4001 2802 4078 dicitur
2826 4003 3308 4091 Venarciali8‚
3352 4031 3524 4080 cum
3570 4004 3745 4109 ipsis

915 4139 1184 4216 mansis
1208 4135 1529 4214 vel‘cum
1556 4135 1733 4241 ipsis
1759 4132 2488 4211 cammansionilibus
2517 4134 2613 4208 ad
2653 4133 3035 4211 ecclesiam
3063 4133 3642 4240 pertinentibus3
3675 4149 3748 4210 et

916 4273 986 4346 in
1011 4272 1166 4374 ipsa
1197 4268 1392 4356 villa,
1425 4267 1606 4344 alios
1628 4292 1923 4343 mansos
1955 4291 2341 4339 :mansum
2379 4263 2513 4339 ubi
2533 4262 2922 4341 Rainulfus
2942 4282 3223 4351 manet,
3251 4292 3586 4342 mansum
3611 4263 3742 4340 ubi

997 4535 1038 4567 ¹⁰
1072 4538 1217 4599 Volo.
1237 4585 1249 4597 .
1268 4586 1279 4597 .
1298 4539 1527 4599 habeant
1543 4536 1759 4598 desunt
1779 4534 1851 4596 B:
1868 4533 2005 4594 Haec
2020 4534 2249 4618 phraa‘s
2491 4530 2958 4619 ”Carbmynu
2975 4534 3128 4596 Ch.-

908 4645 968 4702 in
989 4664 1126 4703 msa.
1151 4641 1214 4703 C.
1239 4655 1296 4704 et
1316 4642 1427 4704 SG.
1451 4642 1660 4722 scripta
1684 4651 1771 4702 eat
1799 4641 1860 4701 in
1891 4640 2086 4700 medio
2112 4662 2251 4723 prm·
2507 4634 2811 4700 ’Siccam
2840 4651 2897 4699 et
2936 4637 3110 4735 paulo
3139 4650 3271 4726 post
3300 4638 3544 4700 siccandi
3569 4634 3682 4698 SG.

908 4745 1161 4806 cedentia
1176 4746 1448 4828 phraseos
1458 4747 1610 4807 inter
1616 4744 1894 4808 dolosam
1904 4743 1972 4806 ab
1983 4744 2246 4806 Ecclesia.
2489 4737 2924 4824 ‘'siff-odim

996 4931 1009 4961 ¹
1058 4931 1307 4991 Inferius
1335 4930 1676 5014 Aidoqardin.
