4442 5769
1340 567 1973 644 MONASTERII
2028 567 2161 643 DE
2215 566 2852 679 BELLOLOCQ
3366 572 3515 649 243

690 745 1021 852 quinque
1078 741 1237 819 diis
1284 739 1557 817 mansis
1605 739 1684 814 in
1735 737 1891 841 ipsa
1950 734 2110 813 villa
2162 733 2747 823 adhaerentibus-3
2806 718 3147 817 mansum
3187 739 3317 817 uhi
3361 743 3520 848 Ugo

687 874 885 952 v'nus
928 888 1043 949 est
1084 897 1422 959 manere3
1458 885 1540 944 et
1574 866 1808 947 alium
1844 893 2191 942 mansum
2229 864 2361 941 uhi
2399 865 2761 945 Geraldns
2799 868 2992 951 visus
3031 886 3143 945 est
3177 896 3517 961 manere3

690 1020 765 1080 et
796 1003 1028 1079 alium
1064 1024 1411 1078 mansum
1449 998 1581 1075 ubi
1616 993 2079 1105 ingelfredns
2120 1010 2400 1083 manem
2439 1011 2512 1071 et
2539 995 2766 1073 alium
2803 1024 3143 1077 mansum
3169 999 3298 1079 ubi
3327 1000 3522 1079 Con-

688 1133 966 1210 stahiiis
998 1133 1199 1210 visus
1247 1146 1358 1207 est
1394 1156 1731 1218 manere3
1776 1145 1849 1205 et
1896 1126 2124 1204 alium
2160 1153 2504 1205 mansum
2547 1126 2678 1205 ubi
2717 1127 3197 1207 Bonushomo
3232 1148 3518 1222 manet3

689 1282 763 1339 et
798 1280 1160 1369 quantum
1207 1261 1389 1338 inibi
1446 1260 1640 1336 visus
1685 1285 1853 1335 sum
1903 1257 2176 1334 habere
2226 1273 2300 1333 et
2345 1258 2756 1360 possidere,
2801 1287 2973 1335 cum
3025 1260 3285 1365 pratis,
3346 1289 3519 1339 cnm

688 1391 915 1478 silvis,
975 1421 1142 1468 cum
1198 1388 1643 1494 piscatoriis,
1702 1402 1944 1463 totum
1997 1403 2071 1461 et
2128 1384 2221 1461 ad
2270 1387 2679 1492 integrum,
2743 1387 2905 1464 Deo
2964 1388 3297 1466 salvatori
3358 1418 3521 1467 om-

688 1522 900 1598 nium
943 1538 1017 1596 et
1059 1522 1135 1596 S.
1178 1520 1398 1595 Petro
1449 1515 1707 1595 offero.
1762 1517 1852 1592 Et
1904 1532 2017 1591 est
2063 1515 2218 1619 ipsa
2274 1513 2579 1593 ecclesia
2629 1543 2762 1591 seu
2811 1533 2886 1592 et
2923 1517 3061 1622 ipsi
3105 1520 3332 1596 mansi
3363 1521 3520 1626 jam

691 1650 867 1727 dicti
918 1649 994 1725 in
1030 1648 1209 1726 orbe
1244 1647 1740 1733 Limovicino,
1786 1645 1864 1720 in
1907 1644 2171 1722 vicaria
2210 1644 2678 1736 Rosariense,
2723 1645 2798 1720 in
2840 1643 3000 1721 villa
3039 1675 3262 1752 quam
3303 1677 3521 1754 supra

689 1781 1466 1861 commemoravimus,
1510 1776 1780 1854 Plevis³
1819 1791 2329 1879 nuncupante,
2382 1777 2458 1851 in
2508 1774 2874 1880 stipendia
2925 1792 2999 1854 et
3053 1777 3275 1854 etiam
3326 1764 3524 1855 nunc

689 1911 876 1987 cedo
918 1911 992 1985 in
1031 1909 1572 1985 monachorum
1612 1934 1868 1992 usum,
1910 1906 1987 1979 in
2028 1905 2294 1983 eadem
2333 1932 2507 1980 vero
2547 1904 2828 1981 ratione
2868 1922 2981 1992 ut,
3015 1907 3354 2011 quandiu
3386 1939 3521 2017 ego

688 2043 1067 2127 advixero,
1104 2042 1363 2116 harum
1390 2067 1643 2114 rerum
1672 2035 2385 2113 usumfructuarium
2426 2035 2877 2139 possideam,
2922 2053 2995 2111 et
3035 2039 3242 2113 annis
3273 2042 3524 2146 singu-

686 2171 809 2258 lis,
844 2171 940 2248 ad
972 2171 1443 2248 festivitatem
1486 2169 1562 2245 S.
1608 2165 1837 2253 Petri,
1876 2164 2217 2242 denarios
2253 2165 2658 2242 duodecim
2699 2165 2793 2241 de
2823 2190 3046 2242 censu
3071 2169 3518 2271 persolvam3

689 2320 762 2376 et
792 2302 852 2377 si
882 2303 977 2378 de
1013 2302 1173 2407 ipso
1203 2327 1427 2375 censu
1464 2296 1844 2402 negligens
1883 2295 2130 2381 fuero,
2166 2295 2575 2372 secundum
2616 2294 2856 2402 legem
2888 2297 3320 2387 emendem;
3355 2318 3525 2406 post

686 2458 946 2508 meum
999 2457 1309 2538 quoque
1356 2428 1780 2514 decessum,
1826 2441 2148 2502 rectores
2192 2428 2325 2530 qui
2376 2426 2453 2504 in
2491 2427 2648 2531 jam
2701 2425 2902 2502 dicto
2950 2426 3118 2505 loco
3151 2448 3524 2535 superstes

685 2560 993 2638 fuerunt
1038 2561 1117 2646 in
1156 2586 1373 2637 suum
1416 2557 1775 2663 recipiant
1819 2557 2274 2640 dominium,
2329 2555 2533 2632 nullo
2584 2555 3156 2637 contradicente.
3200 2561 3521 2641 Tantum

691 2692 887 2768 enim
929 2692 989 2767 si
1033 2691 1126 2766 de
1166 2691 1331 2795 ipso
1367 2689 1533 2767 loco
1576 2687 1885 2793 alicujus
1919 2687 2242 2765 hominis
2274 2686 2348 2761 in
2377 2686 2901 2792 qualicumque
2929 2688 3161 2767 modo
3199 2689 3523 2768 alienare

687 2822 826 2926 ipsi
881 2836 1206 2899 rectores
1252 2818 1656 2905 voluerint,
1701 2817 2047 2923 inprimis
2092 2816 2438 2894 omnium
2478 2816 2966 2924 reliquiarum
3018 2819 3096 2896 in
3149 2819 3310 2925 ipso
3360 2821 3524 2902 loco

688 2953 1193 3039 manentium,
1234 2966 1930 3055 quantumcumque
1980 2945 2181 3050 apud
2221 2946 2640 3022 Dominum
2681 2948 3082 3053 impetrare
3122 2946 3520 3038 valuerint,

686 3082 971 3158 malum
1020 3080 1492 3186 superveniat
1540 3078 1645 3154 eis
1694 3077 1826 3182 qui
1877 3076 2149 3152 conscii
2190 3075 2500 3152 fuerunt
2548 3074 2773 3152 dandi
2824 3094 2952 3154 aut
2995 3080 3402 3185 recipiendi
3451 3101 3526 3160 et

688 3214 766 3287 in
814 3210 1299 3316 postmodum
1349 3208 1837 3314 proximiores
1884 3222 2225 3312 parentes
2272 3206 2419 3282 mei
2467 3206 2547 3282 in
2597 3235 2820 3284 suum
2871 3208 3231 3312 recipiant
3275 3212 3522 3288 domi-

687 3343 930 3426 nium,
980 3358 1059 3416 et
1106 3338 1359 3415 nullus
1409 3338 1506 3415 sit
1552 3339 1684 3444 qui
1728 3338 1838 3414 eis
1877 3337 2161 3443 aliquid
2205 3336 2681 3414 contradicat.
2727 3340 2808 3413 ln
2849 3336 2999 3414 alio
3039 3361 3216 3447 ergo
3254 3342 3516 3430 modo,

689 3472 785 3547 ad
811 3472 969 3577 jam
1010 3470 1295 3545 dictum
1333 3466 1587 3545 locum
1628 3467 1815 3545 cedo
1854 3495 2295 3574 cessumque
2333 3468 2419 3543 in
2453 3484 2902 3573 perpetuum
2944 3496 3106 3545 esse
3145 3470 3317 3548 volo
3357 3499 3525 3577 cap—

687 3598 1127 3678 mansionile
1184 3627 1444 3675 meum
1493 3598 1624 3675 ubi
1678 3598 2118 3674 Dominicus
2164 3597 2365 3674 visus
2418 3615 2530 3676 est
2580 3619 2917 3688 manere,
2962 3629 3134 3676 cum
3191 3619 3397 3680 curte
3448 3621 3524 3681 et

688 3751 886 3820 ort0,
946 3757 1117 3808 cum
1171 3730 1327 3835 ipsa
1372 3730 1587 3805 vinea
1634 3744 1709 3806 et
1763 3755 1933 3805 cum
1986 3728 2145 3835 ipsa
2197 3728 2545 3833 plantada
2597 3757 2819 3834 quam
2876 3757 3015 3836 ego
3075 3732 3170 3807 de
3221 3732 3519 3810 Aimoni

688 3861 1187 3966 conquistavie,
1221 3877 1299 3936 et
1326 3876 1439 3936 est
1468 3860 1670 3936 istud
1702 3858 2294 3965 capmansionale
2339 3857 2473 3964 [et]
2510 3858 2738 3936 vineae
2770 3861 2929 3966 jam
2966 3859 3178 3936 djctae
3217 3863 3295 3936 in
3335 3864 3520 3942 orbe

688 3991 1199 4078 Lemovicino,
1240 3990 1321 4065 in
1363 3990 1625 4066 vicaria
1671 3991 2119 4076 Asnacense,
2173 3990 2252 4064 in
2298 3988 2465 4066 loco
2515 3989 2646 4095 qui
2695 3989 2970 4068 dicitur
3013 3991 3517 4098 Laustangas⁴,

688 4136 934 4195 totum
964 4136 1039 4194 et
1068 4120 1445 4224 integrum
1474 4118 1573 4196 ad
1601 4118 2012 4198 monachos
2042 4121 2118 4193 in
2145 4118 2301 4224 jam
2340 4119 2540 4196 dicto
2567 4118 2736 4196 loco
2774 4120 3257 4218 consistentes
3296 4122 3516 4212 cedo,

690 4266 775 4323 ut
822 4264 995 4353 post
1043 4248 1238 4323 hunc
1290 4248 1899 4335 diemhabeant,
1939 4263 2249 4328 teneant
2287 4266 2363 4325 et
2399 4249 2666 4327 faciant
2713 4250 3068 4355 quicquid
3118 4236 3517 4343 voluerintz,

690 4378 750 4453 si
796 4377 1118 4453 alienare
1169 4375 1573 4466 voluerint,
1621 4380 2099 4485 quodsupra
2151 4380 2510 4484 scriptum
2568 4396 2680 4455 est
2726 4380 2830 4456 sic
2886 4379 3037 4458 fiat.
3081 4382 3193 4458 De
3249 4384 3523 4490 repeti-

687 4506 894 4583 tione
958 4497 1167 4594 irero,
1218 4506 1427 4611 quod
1484 4504 1708 4595 absit,
1771 4508 1830 4584 si
1881 4509 2081 4614 quis,
2143 4537 2359 4586 meus
2407 4509 2626 4585 heres
2664 4527 2789 4584 aut
2824 4509 3331 4617 propinquus,
3374 4514 3521 4590 sive

690 4637 838 4713 ufln
889 4635 1213 4713 immissa
1262 4663 1578 4741 persona
1628 4665 1789 4741 qnae
1833 4657 2086 4716 comm
2128 4639 2320 4716 hanc
2354 4639 2770 4718 cessionem
2810 4638 3043 4716 ullam
3076 4641 3523 4720 calumniam

776 4918 796 4947 ⁸
842 4919 1062 4980 Planius
1089 4931 1361 5002 corrupte
1390 4919 1456 4979 B.
1484 4919 1669 4979 Plem's
1684 4917 1814 4996 SG„
2267 4923 2284 4950 ⁴
2336 4921 2627 5004 Lunum
2649 4922 2715 4981 B.
2748 4921 3044 5004 Loaemyoe
3071 4922 3184 4985 SG.

3193 5063 3252 5114 ἂι
3275 5103 3286 5113 .
