4442 5769
554 1550 752 1620 29jun.

472 1643 834 1696 1061-1108.

536 1828 761 1884 B.p.1²3.

498 1903 580 1946 sG.
615 1916 660 1960 p.
695 1918 789 1958 ¹7¹·

530 1977 764 2031 C·p.17t.

929 574 1066 644 152
1930 568 2744 672 CHARTULARIUM

2211 972 2466 1044 XCIX.

914 1141 1264 1202 constitutio
1314 1139 1404 1200 vel
1442 1141 1748 1202 conventio
1784 1161 1914 1222 quae
1952 1138 2101 1200 sacta
2140 1150 2228 1199 eat
2266 1140 2421 1201 inter
2468 1137 2784 1200 monachos
2817 1138 2892 1199 de
2917 1138 3213 1202 Belioloeo
3241 1152 3300 1202 et
3333 1140 3487 1203 filios
3523 1143 3762 1205 Geraldi

999 1243 1075 1305 de
1097 1243 1297 1313 Serra,
1327 1241 1690 1328 Stephanum
1719 1254 1778 1304 et
1800 1241 2197 1311 Bet-nardum,
2229 1241 2307 1304 de
2332 1240 2558 1305 honore
2585 1263 2764 1326 quem
2792 1240 3099 1305 Giraldua¹
3134 1243 3411 1326 Rigaldus
3438 1243 3603 1307 dedit
3636 1247 3760 1307 Deo

999 1358 1057 1407 et
1085 1346 1144 1407 S.
1178 1346 1369 1408 Petro,

1026 1526 1346 1622 Quando
1385 1528 1550 1605 Deo
1586 1555 1664 1603 se
1705 1527 1976 1604 obtulit
2014 1527 2110 1603 ad
2148 1526 2574 1605 faciendum
2626 1527 3112 1616 monachum,
3141 1525 3492 1605 Giraldus
3520 1528 3760 1635 Rigal-

915 1659 1055 1736 dus
1097 1658 1307 1736 dedit
1343 1658 1506 1736 Deo
1548 1676 1623 1734 et
1664 1659 1739 1737 S.
1781 1657 1997 1734 Petro
2035 1657 2130 1734 de
2167 1657 2545 1736 Belloloco
2582 1685 2665 1734 ex
2707 1657 3119 1735 hereditate
3149 1686 3282 1735 sua
3321 1654 3512 1736 duos
3549 1686 3760 1736 man-

914 1819 1034 1867 sos
1084 1790 1159 1865 in
1198 1788 1368 1866 villa
1413 1816 1576 1895 quae
1625 1805 1927 1867 vocatur
1972 1789 2309 1883 Inmont:
2364 1816 2708 1867 mansum
2757 1790 2887 1896 qui
2938 1807 3236 1866 vocatur
3276 1789 3632 1867 Amarzan
3686 1808 3760 1866 et

914 1946 1257 2000 mansum
1314 1919 1409 1998 de
1458 1921 1717 1997 Monte
1762 1919 1892 1997 ubi
1942 1920 2364 1998 Bel-nardus
2416 1920 2510 1996 de
2564 1921 2821 1998 Poieto
2879 1921 3077 1999 visus
3138 1938 3248 1998 est
3295 1948 3631 2007 manere,
3687 1940 3758 1997 et

912 2054 1097 2130 duas
1127 2052 1508 2131 bordarias
1542 2083 1559 2128 ε
1588 2051 2015 2129 bordariam
2041 2051 2166 2129 del
2195 2051 2545 2128 Pleniene
2580 2070 2656 2129 et
2684 2028 3122 2129 bordariam
3148 2051 3243 2127 de
3276 2052 3612 2130 Salezosa
3630 2112 3647 2137 ,
3684 2071 3760 2129 et

904 2186 1203 2263 tertiam
1239 2202 1521 2290 partem
1574 2182 1667 2259 de
1706 2182 2053 2261 bordaria
2098 2184 2193 2260 de
2240 2185 2562 2293 Nogent‚
2614 2201 2688 2261 et
2726 2185 3018 2261 tertiam
3074 2201 3359 2291 partem
3389 2183 3485 2260 de
3523 2184 3755 2261 videis

910 2316 1004 2392 de
1044 2317 1285 2403 Mont,
1352 2332 1428 2392 et
1464 2314 1758 2391 tertiam
1809 2331 2091 2420 partem
2136 2312 2231 2390 de
2282 2317 2542 2392 Bosco.
2606 2314 3116 2408 Quamobrem
3167 2315 3568 2422 supradicti
3622 2314 3753 2390 filii

908 2446 1252 2535 Geraldi,
1305 2473 1441 2550 pro
1501 2473 1634 2522 suo
1692 2473 2002 2551 genere,
2047 2445 2675 2523 calumniaverunt
2723 2445 3212 2553 feceruntque
3265 2444 3640 2552 placetum
3685 2462 3757 2521 et

907 2571 1514 2654 constitutionem
1547 2603 1719 2651 cum
1763 2575 2146 2653 monachis
2185 2576 2521 2683 ejusdem
2560 2576 2744 2664 loci,
2791 2593 2865 2653 et
2904 2575 3274 2653 dederunt
3309 2577 3414 2651 eis
3454 2593 3748 2652 centum

908 2707 1189 2784 solidos
1235 2699 1825 2794 denerariorum‚
1872 2723 1945 2782 et
1993 2707 2241 2812 ipsum
2289 2706 2656 2784 honorem
2696 2735 2829 2814 per
2866 2732 3129 2784 manus
3167 2707 3500 2814 ipsorum
3549 2736 3750 2783 acce-

907 2857 1210 2945 perunt,
1260 2840 1336 2915 in
1374 2838 1501 2916 tali
1537 2831 2044 2915 conven‘ientia
2073 2855 2157 2915 ut
2188 2838 2524 2944 quandiu
2562 2839 2892 2916 viverent
2929 2856 3301 2928 tenerent,
3339 2857 3510 2946 post
3551 2867 3748 2916 mor-

895 2962 1057 3048 ‘tem
1097 2997 1269 3047 vero
1310 2968 1612 3046 illorum
1656 2970 1732 3047 S.
1777 2967 1993 3045 Petro
2033 2985 2452 3046 remaneret
2488 2969 2694 3046 nullo
2736 2968 3314 3047 contradicente.
3357 2971 3453 3047 Et
3490 2971 3588 3046 ita
3635 2999 3752 3046 re-

904 3129 1204 3179 manere
1264 3100 1746 3179 constitutum
1796 3116 1907 3176 est
1969 3117 2053 3177 ut
2109 3100 2241 3206 qui
2282 3101 2574 3206 primus
2619 3129 2705 3177 ex
2758 3101 2904 3177 illis
2950 3100 3251 3191 obierit,
3311 3130 3479 3207 pars
3547 3100 3750 3178 illius

904 3235 980 3311 S.
1023 3235 1243 3311 Petro
1280 3260 1576 3338 semper
1601 3247 2014 3318 remaneat,
2054 3246 2127 3307 et
2160 3230 2503 3308 monachi
2545 3260 2718 3309 eum
2760 3231 3158 3338 sepulturae
3210 3232 3500 3308 tradant
3539 3232 3600 3306 si
3643 3233 3751 3309 eis

904 3364 1329 3468 adportatas
1359 3361 1607 3439 fuerit.
1644 3363 1722 3441 Si
1764 3378 2013 3438 autem
2052 3362 2128 3437 in
2158 3361 2307 3439 alio
2343 3361 2510 3440 loco
2551 3361 2887 3469 sepultus
2917 3361 3177 3449 fuerit,
3222 3361 3563 3442 monachi
3612 3390 3747 3467 pro

903 3497 1145 3570 anima
1182 3494 1345 3600 ejus
1378 3511 1679 3569 centum
1711 3492 1968 3568 missas
1999 3510 2332 3580 cantent,
2368 3510 2443 3570 et
2473 3495 2662 3570 sicut
2691 3493 3170 3570 constitutum
3206 3512 3314 3570 est
3342 3493 3435 3569 de
3466 3493 3741 3600 primo,
3852 3509 3874 3534 ¹·

901 3624 1242 3701 similiter
1265 3623 1752 3701 constitutum
1778 3639 1890 3700 est
1916 3624 2213 3729 quando
2249 3625 2525 3703 obierit
2550 3625 2645 3702 de
2673 3623 2843 3702 alio,
2886 3624 2963 3703 Si
2995 3624 3199 3732 quis,
3234 3652 3371 3701 nos
3407 3625 3589 3730 ipsi,
3624 3642 3747 3701 aut

883 3753 1167 3861 ‚aliquis
1208 3753 1300 3832 de
1332 3754 1738 3833 heredibus
1777 3754 2081 3842 nostru,
2116 3753 2307 3831 hanc
2338 3757 2944 3833 constitutionem
2976 3755 3356 3832 destruere
3386 3755 3702 3831 voluerit
3727 3817 3742 3840 ‚

903 3915 1071 3963 cum
1122 3887 1359 3965 Datan
1411 3904 1486 3963 et
1536 3885 1819 3964 Abiron
1866 3903 1940 3963 et
1986 3885 2174 3963 Juda
2236 3885 2592 3964 traditore
2616 3948 2632 3976 ‚
2688 3888 2765 3962 in
2812 3885 3185 3964 infernum
3244 3886 3742 3995 demergatur.

900 4017 1115 4095 Facta
1150 4035 1262 4095 est
1305 4035 1497 4094 carta
1535 4019 1670 4095 ista
1714 4018 1791 4094 in
1835 4044 2089 4094 mense
2126 4016 2357 4125 julio,
2402 4033 2758 4124 regnante
2798 4016 3142 4124 Philippo
3194 4046 3391 4126 rege.
3451 4018 3528 4096 S.
3582 4018 3748 4096 Wi-

897 4147 1153 4226 lelmi²
1192 4149 1477 4227 decani.
1513 4148 1587 4227 S.
1621 4147 1921 4226 Geraldi
1959 4148 2327 4252 monachi.
2374 4149 2448 4226 S.
2495 4146 2832 4227 Guitardi
2884 4147 3255 4225 monachi.
3310 4149 3385 4225 S.
3440 4147 3742 4227 Geraldi

897 4282 1208 4389 Rigaldi.
1255 4282 1331 4361 S.
1377 4279 1774 4360 Gauzfredi
1822 4280 2195 4387 praepositi
2250 4278 2344 4356 de
2397 4280 2833 4357 Brivaciaco.
2884 4282 2960 4358 S.
3003 4279 3400 4359 Gauzberti
3438 4279 3745 4356 Austor-

894 4413 1021 4519 gii.
1066 4413 1189 4490 Isti
1225 4430 1396 4490 sunt
1442 4429 1667 4490 testes
1716 4428 1791 4488 et
1830 4428 2167 4489 auctores
2201 4413 2330 4519 qui
2369 4411 2569 4488 hunc
2612 4428 3053 4490 conventum
3096 4410 3626 4517 placitaverunt
3676 4429 3747 4486 et

895 4561 1063 4621 ante
1121 4543 1344 4621 altare
1402 4546 1483 4621 B.
1528 4543 1724 4621 Petri
1782 4543 2293 4650 gurpitionem
2349 4559 2794 4649 receperunt
2860 4543 3082 4621 tertio
3139 4540 3487 4619 kalendas
3538 4540 3740 4648 julii,

891 4675 969 4752 in
999 4672 1387 4751 festivitate
1427 4673 1933 4780 apostolorum
1978 4673 2177 4750 Petri
2220 4689 2297 4750 et
2333 4673 2561 4751 Pauli.

983 4860 995 4888 ¹
1047 4858 1318 4922 Geraldus
1339 4872 1392 4919 et
1411 4858 1676 4944 Riqaldus
1704 4857 1964 4921 dederunt
2002 4858 2065 4919 B.
2085 4907 2097 4928 ,
2124 4858 2229 4919 sed
2256 4858 2434 4944 paulo
2465 4870 2596 4942 post
2620 4882 2631 4915 :
2654 4857 2727 4920 Se
2748 4858 2972 4919 obtulit.
3002 4904 3017 4918 .
3045 4904 3059 4919 .
3098 4856 3364 4919 Gir-aldus
3396 4854 3678 4941 Riqaldus.

979 4963 1000 4994 ²
1048 4962 1345 5026 Gaillelmo
1376 4961 1483 5026 SG.
