<?xml version="1.0" encoding="UTF-8"?>
<!DOCTYPE html PUBLIC "-//W3C//DTD XHTML 1.0 Transitional//EN"
    "http://www.w3.org/TR/xhtml1/DTD/xhtml1-transitional.dtd">
<html xmlns="http://www.w3.org/1999/xhtml" xml:lang="en" lang="en">
 <head>
  <title>
</title>
<meta http-equiv="Content-Type" content="text/html;charset=utf-8" />
  <meta name='ocr-system' content='tesseract 3.04.00' />
  <meta name='ocr-capabilities' content='ocr_page ocr_carea ocr_par ocr_line ocrx_word'/>
</head>
<body>
  <div class='ocr_page' id='page_1' title='image "./cartulairedelab09abbegoog_0561.png"; bbox 0 0 4442 5769; ppageno 0'>
   <div class='ocr_carea' id='block_1_1' title="bbox 1331 557 3499 635">
    <p class='ocr_par' dir='ltr' id='par_1_1' title="bbox 1331 557 3499 635">
     <span class='ocr_line' id='line_1_1' title="bbox 1331 557 3499 635; baseline -0.002 0"><span class='ocrx_word' id='word_1_1' title='bbox 1331 559 1962 635; x_wconf 87' lang='lat' dir='ltr'><strong>MONASTERII</strong></span> <span class='ocrx_word' id='word_1_2' title='bbox 2025 561 2159 632; x_wconf 88' lang='lat' dir='ltr'>DE</span> <span class='ocrx_word' id='word_1_3' title='bbox 2227 557 2852 633; x_wconf 88' lang='lat' dir='ltr'><strong>BELLOLOCO.</strong></span> <span class='ocrx_word' id='word_1_4' title='bbox 3358 557 3499 631; x_wconf 70' lang='lat'>241</span> 
     </span>
    </p>
   </div>
   <div class='ocr_carea' id='block_1_2' title="bbox 681 727 3525 1874">
    <p class='ocr_par' dir='ltr' id='par_1_2' title="bbox 681 727 3525 1874">
     <span class='ocr_line' id='line_1_2' title="bbox 681 727 3507 835; baseline -0.001 -27"><span class='ocrx_word' id='word_1_5' title='bbox 681 732 887 819; x_wconf 86' lang='lat' dir='ltr'>terit,</span> <span class='ocrx_word' id='word_1_6' title='bbox 942 729 1279 835; x_wconf 75' lang='lat' dir='ltr'>inprimis</span> <span class='ocrx_word' id='word_1_7' title='bbox 1325 729 1508 806; x_wconf 85' lang='lat' dir='ltr'>iram</span> <span class='ocrx_word' id='word_1_8' title='bbox 1555 728 1693 806; x_wconf 92' lang='lat' dir='ltr'>Dei</span> <span class='ocrx_word' id='word_1_9' title='bbox 1744 727 2274 835; x_wconf 88' lang='lat' dir='ltr'>omnipotentis</span> <span class='ocrx_word' id='word_1_10' title='bbox 2318 728 2678 814; x_wconf 80' lang='lat' dir='ltr'>incurrat,</span> <span class='ocrx_word' id='word_1_11' title='bbox 2734 745 2809 805; x_wconf 92' lang='lat' dir='ltr'>et</span> <span class='ocrx_word' id='word_1_12' title='bbox 2866 728 2942 804; x_wconf 89' lang='lat' dir='ltr'>S.</span> <span class='ocrx_word' id='word_1_13' title='bbox 2994 728 3298 804; x_wconf 87' lang='lat' dir='ltr'>Petrum</span> <span class='ocrx_word' id='word_1_14' title='bbox 3338 756 3507 804; x_wconf 90' lang='lat' dir='ltr'>cum</span> 
     </span>
     <span class='ocr_line' id='line_1_3' title="bbox 685 856 3514 946; baseline -0.002 -7"><span class='ocrx_word' id='word_1_15' title='bbox 685 862 1035 939; x_wconf 89' lang='lat' dir='ltr'>omnibus</span> <span class='ocrx_word' id='word_1_16' title='bbox 1074 859 1338 937; x_wconf 82' lang='lat' dir='ltr'>sanctis</span> <span class='ocrx_word' id='word_1_17' title='bbox 1376 859 1650 936; x_wconf 81' lang='lat' dir='ltr'>habeat</span> <span class='ocrx_word' id='word_1_18' title='bbox 1680 859 1996 937; x_wconf 86' lang='lat' dir='ltr'>contrari</span> <span class='ocrx_word' id='word_1_19' title='bbox 2007 887 2130 934; x_wconf 92' lang='lat' dir='ltr'>um</span> <span class='ocrx_word' id='word_1_20' title='bbox 2156 918 2175 946; x_wconf 85' lang='lat'>‚</span> <span class='ocrx_word' id='word_1_21' title='bbox 2227 874 2304 934; x_wconf 91' lang='lat' dir='ltr'>et</span> <span class='ocrx_word' id='word_1_22' title='bbox 2340 857 2431 933; x_wconf 90' lang='lat' dir='ltr'>ab</span> <span class='ocrx_word' id='word_1_23' title='bbox 2466 856 2788 933; x_wconf 82' lang='lat' dir='ltr'>Ecclesia</span> <span class='ocrx_word' id='word_1_24' title='bbox 2828 856 3101 935; x_wconf 84' lang='lat' dir='ltr'>coelesti</span> <span class='ocrx_word' id='word_1_25' title='bbox 3142 858 3236 934; x_wconf 87' lang='lat' dir='ltr'>sit</span> <span class='ocrx_word' id='word_1_26' title='bbox 3280 875 3514 935; x_wconf 81' lang='lat' dir='ltr'>extra-</span> 
     </span>
     <span class='ocr_line' id='line_1_4' title="bbox 685 978 3516 1095; baseline -0.001 -27"><span class='ocrx_word' id='word_1_27' title='bbox 685 1020 908 1076; x_wconf 62' lang='lat' dir='ltr'>neum</span> <span class='ocrx_word' id='word_1_28' title='bbox 960 991 1034 1067; x_wconf 87' lang='lat' dir='ltr'>in</span> <span class='ocrx_word' id='word_1_29' title='bbox 1067 989 1441 1095; x_wconf 85' lang='lat' dir='ltr'>judicium</span> <span class='ocrx_word' id='word_1_30' title='bbox 1481 1016 1657 1066; x_wconf 88' lang='lat' dir='ltr'>vero</span> <span class='ocrx_word' id='word_1_31' title='bbox 1697 1017 1869 1065; x_wconf 89' lang='lat' dir='ltr'>cum</span> <span class='ocrx_word' id='word_1_32' title='bbox 1900 989 2278 1094; x_wconf 88' lang='lat' dir='ltr'>justorum</span> <span class='ocrx_word' id='word_1_33' title='bbox 2319 1015 2632 1064; x_wconf 88' lang='lat' dir='ltr'>numero</span> <span class='ocrx_word' id='word_1_34' title='bbox 2672 1014 2825 1064; x_wconf 89' lang='lat' dir='ltr'>non</span> <span class='ocrx_word' id='word_1_35' title='bbox 2865 987 2960 1064; x_wconf 89' lang='lat' dir='ltr'>sit</span> <span class='ocrx_word' id='word_1_36' title='bbox 2996 978 3397 1094; x_wconf 83' lang='lat' dir='ltr'>particeps;</span> <span class='ocrx_word' id='word_1_37' title='bbox 3442 1007 3516 1065; x_wconf 87' lang='lat' dir='ltr'>et</span> 
     </span>
     <span class='ocr_line' id='line_1_5' title="bbox 688 1114 3515 1226; baseline -0.001 -31"><span class='ocrx_word' id='word_1_38' title='bbox 688 1123 990 1226; x_wconf 85' lang='lat' dir='ltr'>insuper</span> <span class='ocrx_word' id='word_1_39' title='bbox 1027 1134 1428 1224; x_wconf 87' lang='lat' dir='ltr'>componat</span> <span class='ocrx_word' id='word_1_40' title='bbox 1466 1119 1585 1196; x_wconf 85' lang='lat' dir='ltr'>cui</span> <span class='ocrx_word' id='word_1_41' title='bbox 1626 1117 1837 1195; x_wconf 91' lang='lat' dir='ltr'>litem</span> <span class='ocrx_word' id='word_1_42' title='bbox 1878 1117 2244 1207; x_wconf 83' lang='lat' dir='ltr'>intulerit,</span> <span class='ocrx_word' id='word_1_43' title='bbox 2295 1145 2442 1194; x_wconf 88' lang='lat' dir='ltr'>una</span> <span class='ocrx_word' id='word_1_44' title='bbox 2494 1143 2664 1193; x_wconf 86' lang='lat' dir='ltr'>cum</span> <span class='ocrx_word' id='word_1_45' title='bbox 2711 1116 2913 1193; x_wconf 88' lang='lat' dir='ltr'>socio</span> <span class='ocrx_word' id='word_1_46' title='bbox 2949 1114 3166 1206; x_wconf 86' lang='lat' dir='ltr'>fisco,</span> <span class='ocrx_word' id='word_1_47' title='bbox 3222 1118 3381 1193; x_wconf 89' lang='lat' dir='ltr'>auri</span> <span class='ocrx_word' id='word_1_48' title='bbox 3423 1117 3515 1194; x_wconf 88' lang='lat' dir='ltr'>li-</span> 
     </span>
     <span class='ocr_line' id='line_1_6' title="bbox 686 1244 3519 1355; baseline -0.001 -30"><span class='ocrx_word' id='word_1_49' title='bbox 686 1250 854 1325; x_wconf 88' lang='lat' dir='ltr'>bras</span> <span class='ocrx_word' id='word_1_50' title='bbox 892 1250 1231 1355; x_wconf 87' lang='lat' dir='ltr'>quinque</span> <span class='ocrx_word' id='word_1_51' title='bbox 1273 1247 1550 1352; x_wconf 82' lang='lat' dir='ltr'>argenti</span> <span class='ocrx_word' id='word_1_52' title='bbox 1589 1246 1923 1352; x_wconf 88' lang='lat' dir='ltr'>pondera</span> <span class='ocrx_word' id='word_1_53' title='bbox 1954 1263 2286 1334; x_wconf 89' lang='lat' dir='ltr'>centum,</span> <span class='ocrx_word' id='word_1_54' title='bbox 2325 1262 2401 1323; x_wconf 88' lang='lat' dir='ltr'>et</span> <span class='ocrx_word' id='word_1_55' title='bbox 2433 1272 2563 1323; x_wconf 91' lang='lat' dir='ltr'>sua</span> <span class='ocrx_word' id='word_1_56' title='bbox 2594 1245 2940 1351; x_wconf 84' lang='lat' dir='ltr'>repetitio</span> <span class='ocrx_word' id='word_1_57' title='bbox 2982 1244 3270 1323; x_wconf 86' lang='lat' dir='ltr'>nullum</span> <span class='ocrx_word' id='word_1_58' title='bbox 3322 1244 3519 1323; x_wconf 84' lang='lat' dir='ltr'>obti-</span> 
     </span>
     <span class='ocr_line' id='line_1_7' title="bbox 687 1373 3518 1481; baseline -0 -27"><span class='ocrx_word' id='word_1_59' title='bbox 687 1396 858 1454; x_wconf 87' lang='lat' dir='ltr'>neat</span> <span class='ocrx_word' id='word_1_60' title='bbox 899 1378 1273 1465; x_wconf 77' lang='lat' dir='ltr'>effectum3</span> <span class='ocrx_word' id='word_1_61' title='bbox 1319 1375 1453 1452; x_wconf 85' lang='lat' dir='ltr'>sed</span> <span class='ocrx_word' id='word_1_62' title='bbox 1486 1403 1812 1481; x_wconf 69' lang='lat' dir='ltr'>praesens</span> <span class='ocrx_word' id='word_1_63' title='bbox 1851 1377 2084 1454; x_wconf 89' lang='lat' dir='ltr'>cessio</span> <span class='ocrx_word' id='word_1_64' title='bbox 2123 1377 2260 1453; x_wconf 89' lang='lat' dir='ltr'>ista</span> <span class='ocrx_word' id='word_1_65' title='bbox 2300 1374 2513 1452; x_wconf 86' lang='lat' dir='ltr'>firma</span> <span class='ocrx_word' id='word_1_66' title='bbox 2553 1393 2625 1450; x_wconf 87' lang='lat' dir='ltr'>et</span> <span class='ocrx_word' id='word_1_67' title='bbox 2662 1373 2942 1451; x_wconf 84' lang='lat' dir='ltr'>stabilis</span> <span class='ocrx_word' id='word_1_68' title='bbox 2980 1392 3407 1480; x_wconf 89' lang='lat' dir='ltr'>permaneat</span> <span class='ocrx_word' id='word_1_69' title='bbox 3445 1392 3518 1453; x_wconf 89' lang='lat' dir='ltr'>et</span> 
     </span>
     <span class='ocr_line' id='line_1_8' title="bbox 688 1505 3516 1614; baseline 0 -31"><span class='ocrx_word' id='word_1_70' title='bbox 688 1507 922 1584; x_wconf 85' lang='lat' dir='ltr'>valeat</span> <span class='ocrx_word' id='word_1_71' title='bbox 979 1507 1383 1614; x_wconf 88' lang='lat' dir='ltr'>perdurare</span> <span class='ocrx_word' id='word_1_72' title='bbox 1440 1505 1910 1612; x_wconf 78' lang='lat' dir='ltr'>stipuiatione</span> <span class='ocrx_word' id='word_1_73' title='bbox 1961 1506 2292 1584; x_wconf 81' lang='lat' dir='ltr'>subnixa.</span> <span class='ocrx_word' id='word_1_74' title='bbox 2345 1508 2559 1582; x_wconf 88' lang='lat' dir='ltr'>Facta</span> <span class='ocrx_word' id='word_1_75' title='bbox 2599 1505 2930 1583; x_wconf 83' lang='lat' dir='ltr'>cessione</span> <span class='ocrx_word' id='word_1_76' title='bbox 2969 1505 3107 1581; x_wconf 87' lang='lat' dir='ltr'>ista</span> <span class='ocrx_word' id='word_1_77' title='bbox 3144 1506 3225 1582; x_wconf 90' lang='lat' dir='ltr'>in</span> <span class='ocrx_word' id='word_1_78' title='bbox 3264 1534 3516 1583; x_wconf 87' lang='lat' dir='ltr'>mense</span> 
     </span>
     <span class='ocr_line' id='line_1_9' title="bbox 690 1634 3520 1745; baseline 0 -33"><span class='ocrx_word' id='word_1_79' title='bbox 690 1638 920 1724; x_wconf 87' lang='lat' dir='ltr'>maio,</span> <span class='ocrx_word' id='word_1_80' title='bbox 964 1665 1156 1715; x_wconf 86' lang='lat' dir='ltr'>anno</span> <span class='ocrx_word' id='word_1_81' title='bbox 1197 1664 1294 1715; x_wconf 91' lang='lat' dir='ltr'>v11</span> <span class='ocrx_word' id='word_1_82' title='bbox 1332 1654 1680 1745; x_wconf 83' lang='lat' dir='ltr'>regnante</span> <span class='ocrx_word' id='word_1_83' title='bbox 1727 1636 2036 1715; x_wconf 81' lang='lat' dir='ltr'>Kar010⁸</span> <span class='ocrx_word' id='word_1_84' title='bbox 2075 1644 2274 1744; x_wconf 86' lang='lat' dir='ltr'>re&#39;ge.</span> <span class='ocrx_word' id='word_1_85' title='bbox 2315 1634 2761 1714; x_wconf 87' lang='lat' dir='ltr'>Datohertus</span> <span class='ocrx_word' id='word_1_86' title='bbox 2798 1634 3143 1742; x_wconf 84' lang='lat' dir='ltr'>indignus</span> <span class='ocrx_word' id='word_1_87' title='bbox 3181 1635 3520 1713; x_wconf 82' lang='lat' dir='ltr'>sacerdos</span> 
     </span>
     <span class='ocr_line' id='line_1_10' title="bbox 694 1765 3525 1874; baseline 0 -33"><span class='ocrx_word' id='word_1_88' title='bbox 694 1768 1102 1845; x_wconf 87' lang='lat' dir='ltr'>cessionem</span> <span class='ocrx_word' id='word_1_89' title='bbox 1139 1797 1180 1843; x_wconf 87' lang='lat' dir='ltr'>a</span> <span class='ocrx_word' id='word_1_90' title='bbox 1206 1794 1328 1843; x_wconf 90' lang='lat' dir='ltr'>me</span> <span class='ocrx_word' id='word_1_91' title='bbox 1358 1766 1623 1844; x_wconf 86' lang='lat' dir='ltr'>factam</span> <span class='ocrx_word' id='word_1_92' title='bbox 1655 1768 2073 1874; x_wconf 86' lang='lat' dir='ltr'>subscripsi.</span> <span class='ocrx_word' id='word_1_93' title='bbox 2109 1768 2185 1845; x_wconf 91' lang='lat' dir='ltr'>S.</span> <span class='ocrx_word' id='word_1_94' title='bbox 2225 1765 2638 1845; x_wconf 83' lang='lat' dir='ltr'>Aldebaldi.</span> <span class='ocrx_word' id='word_1_95' title='bbox 2670 1765 2745 1843; x_wconf 92' lang='lat' dir='ltr'>S.</span> <span class='ocrx_word' id='word_1_96' title='bbox 2778 1765 3245 1844; x_wconf 86' lang='lat' dir='ltr'>Dacterandi.</span> <span class='ocrx_word' id='word_1_97' title='bbox 3285 1766 3358 1844; x_wconf 91' lang='lat' dir='ltr'>S.</span> <span class='ocrx_word' id='word_1_98' title='bbox 3401 1766 3525 1842; x_wconf 89' lang='lat' dir='ltr'>Er-</span> 
     </span>
    </p>
   </div>
   <div class='ocr_carea' id='block_1_3' title="bbox 692 1894 3658 1991">
    <p class='ocr_par' dir='ltr' id='par_1_3' title="bbox 692 1894 3658 1991">
     <span class='ocr_line' id='line_1_11' title="bbox 692 1894 3658 1991; baseline -0.001 -18"><span class='ocrx_word' id='word_1_99' title='bbox 692 1898 1054 1974; x_wconf 88' lang='lat' dir='ltr'>menradi.</span> <span class='ocrx_word' id='word_1_100' title='bbox 1108 1898 1182 1975; x_wconf 90' lang='lat' dir='ltr'>S.</span> <span class='ocrx_word' id='word_1_101' title='bbox 1224 1896 1582 1974; x_wconf 85' lang='lat' dir='ltr'>Rainaldi.</span> <span class='ocrx_word' id='word_1_102' title='bbox 1627 1897 1703 1975; x_wconf 89' lang='lat' dir='ltr'>S.</span> <span class='ocrx_word' id='word_1_103' title='bbox 1746 1898 2136 1975; x_wconf 85' lang='lat' dir='ltr'>Ramnulfi.</span> <span class='ocrx_word' id='word_1_104' title='bbox 2177 1897 2255 1976; x_wconf 93' lang='lat' dir='ltr'>S.</span> <span class='ocrx_word' id='word_1_105' title='bbox 2297 1895 2729 1976; x_wconf 80' lang='lat' dir='ltr'>Godefredi.</span> <span class='ocrx_word' id='word_1_106' title='bbox 2764 1897 2839 1974; x_wconf 90' lang='lat' dir='ltr'>S.</span> <span class='ocrx_word' id='word_1_107' title='bbox 2871 1895 3249 1973; x_wconf 79' lang='lat' dir='ltr'>Bernardi.</span> <span class='ocrx_word' id='word_1_108' title='bbox 3279 1896 3354 1973; x_wconf 90' lang='lat' dir='ltr'>S.</span> <span class='ocrx_word' id='word_1_109' title='bbox 3400 1894 3526 1973; x_wconf 86' lang='lat' dir='ltr'>Ai-</span> <span class='ocrx_word' id='word_1_110' title='bbox 3641 1964 3658 1991; x_wconf 66' lang='grc'>,</span> 
     </span>
    </p>
   </div>
   <div class='ocr_carea' id='block_1_4' title="bbox 692 2024 3527 2395">
    <p class='ocr_par' dir='ltr' id='par_1_4' title="bbox 692 2024 3527 2395">
     <span class='ocr_line' id='line_1_12' title="bbox 696 2024 3527 2134; baseline -0 -31"><span class='ocrx_word' id='word_1_111' title='bbox 696 2026 919 2103; x_wconf 85' lang='lat' dir='ltr'>cardi.</span> <span class='ocrx_word' id='word_1_112' title='bbox 975 2027 1052 2104; x_wconf 91' lang='lat' dir='ltr'>S.</span> <span class='ocrx_word' id='word_1_113' title='bbox 1103 2026 1461 2104; x_wconf 84' lang='lat' dir='ltr'>Rotberti.</span> <span class='ocrx_word' id='word_1_114' title='bbox 1512 2029 1588 2106; x_wconf 90' lang='lat' dir='ltr'><strong>S.</strong></span> <span class='ocrx_word' id='word_1_115' title='bbox 1644 2027 1948 2134; x_wconf 87' lang='lat' dir='ltr'>Aspasii.</span> <span class='ocrx_word' id='word_1_116' title='bbox 2003 2030 2078 2107; x_wconf 90' lang='lat' dir='ltr'>S.</span> <span class='ocrx_word' id='word_1_117' title='bbox 2125 2025 2579 2105; x_wconf 86' lang='lat' dir='ltr'>Archameri.</span> <span class='ocrx_word' id='word_1_118' title='bbox 2640 2027 2714 2104; x_wconf 91' lang='lat' dir='ltr'>S.</span> <span class='ocrx_word' id='word_1_119' title='bbox 2775 2024 3144 2105; x_wconf 89' lang='lat' dir='ltr'>Mainaldi.</span> <span class='ocrx_word' id='word_1_120' title='bbox 3203 2027 3279 2104; x_wconf 90' lang='lat' dir='ltr'>S.</span> <span class='ocrx_word' id='word_1_121' title='bbox 3329 2025 3527 2132; x_wconf 78' lang='lat' dir='ltr'>Agil-</span> 
     </span>
     <span class='ocr_line' id='line_1_13' title="bbox 692 2156 3523 2265; baseline -0.001 -32"><span class='ocrx_word' id='word_1_122' title='bbox 692 2156 911 2233; x_wconf 87' lang='lat' dir='ltr'>berti.</span> <span class='ocrx_word' id='word_1_123' title='bbox 947 2156 1023 2234; x_wconf 91' lang='lat' dir='ltr'>S.</span> <span class='ocrx_word' id='word_1_124' title='bbox 1060 2157 1390 2235; x_wconf 85' lang='lat' dir='ltr'>Frodini.</span> <span class='ocrx_word' id='word_1_125' title='bbox 1435 2158 1512 2235; x_wconf 90' lang='lat' dir='ltr'>S.</span> <span class='ocrx_word' id='word_1_126' title='bbox 1552 2157 1953 2237; x_wconf 80' lang='lat' dir='ltr'>Adalberti.</span> <span class='ocrx_word' id='word_1_127' title='bbox 1988 2159 2064 2235; x_wconf 97' lang='lat' dir='ltr'>S.</span> <span class='ocrx_word' id='word_1_128' title='bbox 2100 2157 2512 2238; x_wconf 85' lang='lat' dir='ltr'>Guarnarii.</span> <span class='ocrx_word' id='word_1_129' title='bbox 2549 2159 2623 2236; x_wconf 91' lang='lat' dir='ltr'>S.</span> <span class='ocrx_word' id='word_1_130' title='bbox 2655 2156 3070 2234; x_wconf 84' lang='lat' dir='ltr'>Ausoberti.</span> <span class='ocrx_word' id='word_1_131' title='bbox 3102 2158 3178 2235; x_wconf 90' lang='lat' dir='ltr'>S.</span> <span class='ocrx_word' id='word_1_132' title='bbox 3221 2157 3523 2265; x_wconf 86' lang='lat' dir='ltr'>Begoni.</span> 
     </span>
     <span class='ocr_line' id='line_1_14' title="bbox 696 2286 2257 2395; baseline 0 -31"><span class='ocrx_word' id='word_1_133' title='bbox 696 2287 769 2364; x_wconf 90' lang='lat' dir='ltr'>S.</span> <span class='ocrx_word' id='word_1_134' title='bbox 804 2286 1096 2364; x_wconf 88' lang='lat' dir='ltr'>Unaldi.</span> <span class='ocrx_word' id='word_1_135' title='bbox 1132 2287 1205 2364; x_wconf 91' lang='lat' dir='ltr'>S.</span> <span class='ocrx_word' id='word_1_136' title='bbox 1239 2287 1616 2394; x_wconf 76' lang='lat' dir='ltr'>Agilherti.</span> <span class='ocrx_word' id='word_1_137' title='bbox 1651 2289 1726 2365; x_wconf 92' lang='lat' dir='ltr'>S.</span> <span class='ocrx_word' id='word_1_138' title='bbox 1756 2287 2257 2395; x_wconf 86' lang='lat' dir='ltr'>Ragambaldi.</span> 
     </span>
    </p>
   </div>
   <div class='ocr_carea' id='block_1_5' title="bbox 1911 2881 2312 2956">
    <p class='ocr_par' dir='ltr' id='par_1_5' title="bbox 1911 2881 2312 2956">
     <span class='ocr_line' id='line_1_15' title="bbox 1911 2881 2312 2956; baseline -0.007 0"><span class='ocrx_word' id='word_1_139' title='bbox 1911 2881 2312 2956; x_wconf 69' lang='lat' dir='ltr'><strong>CLJ&#39;XIII.</strong></span> 
     </span>
    </p>
   </div>
   <div class='ocr_carea' id='block_1_6' title="bbox 1499 3089 2725 3173">
    <p class='ocr_par' dir='ltr' id='par_1_6' title="bbox 1499 3089 2725 3173">
     <span class='ocr_line' id='line_1_16' title="bbox 1499 3089 2725 3173; baseline 0 -21"><span class='ocrx_word' id='word_1_140' title='bbox 1499 3092 1712 3152; x_wconf 85' lang='lat' dir='ltr'>Notitia</span> <span class='ocrx_word' id='word_1_141' title='bbox 1742 3089 2062 3154; x_wconf 79' lang='lat' dir='ltr'>traditionis</span> <span class='ocrx_word' id='word_1_142' title='bbox 2091 3092 2179 3152; x_wconf 83' lang='lat' dir='ltr'>vel</span> <span class='ocrx_word' id='word_1_143' title='bbox 2209 3094 2663 3173; x_wconf 77' lang='lat' dir='ltr'>consignationis</span> <span class='ocrx_word' id='word_1_144' title='bbox 2690 3093 2725 3152; x_wconf 87' lang='lat'><strong>¹.</strong></span> 
     </span>
    </p>
   </div>
   <div class='ocr_carea' id='block_1_7' title="bbox 813 3326 3939 3437">
    <p class='ocr_par' dir='ltr' id='par_1_7' title="bbox 813 3326 3939 3437">
     <span class='ocr_line' id='line_1_17' title="bbox 813 3326 3939 3437; baseline 0.002 -33"><span class='ocrx_word' id='word_1_145' title='bbox 813 3329 1002 3404; x_wconf 86' lang='lat' dir='ltr'>Ante</span> <span class='ocrx_word' id='word_1_146' title='bbox 1060 3356 1190 3405; x_wconf 89' lang='lat' dir='ltr'>eos</span> <span class='ocrx_word' id='word_1_147' title='bbox 1236 3329 1366 3432; x_wconf 85' lang='lat' dir='ltr'>qui</span> <span class='ocrx_word' id='word_1_148' title='bbox 1417 3326 1608 3404; x_wconf 88' lang='lat' dir='ltr'>hanc</span> <span class='ocrx_word' id='word_1_149' title='bbox 1656 3329 1998 3406; x_wconf 86' lang='lat' dir='ltr'>notitiam</span> <span class='ocrx_word' id='word_1_150' title='bbox 2055 3326 2824 3419; x_wconf 84' lang='lat' dir='ltr'>subterfirmaverunt,</span> <span class='ocrx_word' id='word_1_151' title='bbox 2868 3359 3188 3437; x_wconf 86' lang='lat' dir='ltr'>quorum</span> <span class='ocrx_word' id='word_1_152' title='bbox 3229 3333 3530 3411; x_wconf 87' lang='lat' dir='ltr'>nomina</span> <span class='ocrx_word' id='word_1_153' title='bbox 3643 3368 3767 3420; x_wconf 69' lang='lat' dir='ltr'><strong>nov.</strong></span> <span class='ocrx_word' id='word_1_154' title='bbox 3811 3367 3939 3423; x_wconf 77' lang='lat'><strong>881.</strong></span> 
     </span>
    </p>
   </div>
   <div class='ocr_carea' id='block_1_8' title="bbox 701 3457 3550 3570">
    <p class='ocr_par' dir='ltr' id='par_1_8' title="bbox 701 3457 3550 3570">
     <span class='ocr_line' id='line_1_18' title="bbox 701 3457 3550 3570; baseline 0.003 -37"><span class='ocrx_word' id='word_1_155' title='bbox 701 3457 960 3535; x_wconf 86' lang='lat' dir='ltr'>subter</span> <span class='ocrx_word' id='word_1_156' title='bbox 1015 3474 1366 3538; x_wconf 88' lang='lat' dir='ltr'>tenentur</span> <span class='ocrx_word' id='word_1_157' title='bbox 1416 3460 1720 3548; x_wconf 88' lang='lat' dir='ltr'>inserta,</span> <span class='ocrx_word' id='word_1_158' title='bbox 1773 3458 2087 3567; x_wconf 83' lang='lat' dir='ltr'>qualiter</span> <span class='ocrx_word' id='word_1_159' title='bbox 2132 3462 2440 3539; x_wconf 86' lang='lat' dir='ltr'>veniens</span> <span class='ocrx_word' id='word_1_160' title='bbox 2483 3460 2857 3538; x_wconf 88' lang='lat' dir='ltr'>Ebrardus</span> <span class='ocrx_word' id='word_1_161' title='bbox 2903 3460 3105 3540; x_wconf 86' lang='lat' dir='ltr'>filius</span> <span class='ocrx_word' id='word_1_162' title='bbox 3151 3457 3550 3570; x_wconf 75' lang='lat' dir='ltr'>quondam’</span> 
     </span>
    </p>
   </div>
   <div class='ocr_carea' id='block_1_9' title="bbox 3674 3552 3911 3608">
    <p class='ocr_par' dir='ltr' id='par_1_9' title="bbox 3674 3552 3911 3608">
     <span class='ocr_line' id='line_1_19' title="bbox 3674 3552 3911 3608; baseline -0.013 -14"><span class='ocrx_word' id='word_1_163' title='bbox 3674 3552 3724 3594; x_wconf 75' lang='lat' dir='ltr'><strong>B.</strong></span> <span class='ocrx_word' id='word_1_164' title='bbox 3747 3566 3792 3608; x_wconf 75' lang='lat' dir='ltr'>p.</span> <span class='ocrx_word' id='word_1_165' title='bbox 3811 3564 3911 3594; x_wconf 73' lang='lat' dir='ltr'>soi.</span> 
     </span>
    </p>
   </div>
   <div class='ocr_carea' id='block_1_10' title="bbox 702 3588 3931 3710">
    <p class='ocr_par' dir='ltr' id='par_1_10' title="bbox 702 3588 3931 3710">
     <span class='ocr_line' id='line_1_20' title="bbox 702 3588 3931 3710; baseline 0 -45"><span class='ocrx_word' id='word_1_166' title='bbox 702 3588 1026 3696; x_wconf 84' lang='lat' dir='ltr'>Guigoni</span> <span class='ocrx_word' id='word_1_167' title='bbox 1072 3605 1145 3665; x_wconf 87' lang='lat' dir='ltr'>et</span> <span class='ocrx_word' id='word_1_168' title='bbox 1176 3588 1498 3679; x_wconf 82' lang='lat' dir='ltr'>Avanae²‚</span> <span class='ocrx_word' id='word_1_169' title='bbox 1544 3591 1623 3667; x_wconf 90' lang='lat' dir='ltr'>in</span> <span class='ocrx_word' id='word_1_170' title='bbox 1659 3619 1844 3699; x_wconf 87' lang='lat' dir='ltr'>page</span> <span class='ocrx_word' id='word_1_171' title='bbox 1884 3590 2039 3710; x_wconf 74' lang='lat' dir='ltr'>[pro</span> <span class='ocrx_word' id='word_1_172' title='bbox 2068 3591 2293 3699; x_wconf 85' lang='lat' dir='ltr'>pago]</span> <span class='ocrx_word' id='word_1_173' title='bbox 2329 3591 2754 3682; x_wconf 55' lang='lat' dir='ltr'>Arvernum,</span> <span class='ocrx_word' id='word_1_174' title='bbox 2793 3592 2872 3668; x_wconf 93' lang='lat' dir='ltr'>in</span> <span class='ocrx_word' id='word_1_175' title='bbox 2900 3592 3162 3671; x_wconf 88' lang='lat' dir='ltr'>vicaria</span> <span class='ocrx_word' id='word_1_176' title='bbox 3192 3593 3527 3685; x_wconf 75' lang='lat' dir='ltr'>salense,</span> <span class='ocrx_word' id='word_1_177' title='bbox 3605 3625 3616 3632; x_wconf 86' lang='lat'><strong>·</strong></span> <span class='ocrx_word' id='word_1_178' title='bbox 3653 3622 3736 3668; x_wconf 74' lang='lat' dir='ltr'>se.</span> <span class='ocrx_word' id='word_1_179' title='bbox 3761 3639 3807 3681; x_wconf 66' lang='lat' dir='ltr'><strong>p.</strong></span> <span class='ocrx_word' id='word_1_180' title='bbox 3833 3627 3931 3670; x_wconf 60' lang='grc' dir='ltr'>η..</span> 
     </span>
    </p>
   </div>
   <div class='ocr_carea' id='block_1_11' title="bbox 703 3716 3537 4350">
    <p class='ocr_par' dir='ltr' id='par_1_11' title="bbox 703 3716 3537 4350">
     <span class='ocr_line' id='line_1_21' title="bbox 703 3716 3536 3831; baseline 0.004 -38"><span class='ocrx_word' id='word_1_181' title='bbox 703 3718 797 3794; x_wconf 85' lang='lat' dir='ltr'>ad</span> <span class='ocrx_word' id='word_1_182' title='bbox 828 3716 1210 3795; x_wconf 83' lang='lat' dir='ltr'>ecclesiam</span> <span class='ocrx_word' id='word_1_183' title='bbox 1244 3747 1405 3826; x_wconf 84' lang='lat' dir='ltr'>quae</span> <span class='ocrx_word' id='word_1_184' title='bbox 1449 3736 1560 3798; x_wconf 89' lang='lat' dir='ltr'>est</span> <span class='ocrx_word' id='word_1_185' title='bbox 1592 3720 1667 3797; x_wconf 89' lang='lat' dir='ltr'>in</span> <span class='ocrx_word' id='word_1_186' title='bbox 1701 3720 1992 3799; x_wconf 89' lang='lat' dir='ltr'>honore</span> <span class='ocrx_word' id='word_1_187' title='bbox 2031 3723 2105 3800; x_wconf 90' lang='lat' dir='ltr'>S.</span> <span class='ocrx_word' id='word_1_188' title='bbox 2148 3723 2397 3800; x_wconf 88' lang='lat' dir='ltr'>Boniti</span> <span class='ocrx_word' id='word_1_189' title='bbox 2439 3751 2571 3798; x_wconf 91' lang='lat' dir='ltr'>seu</span> <span class='ocrx_word' id='word_1_190' title='bbox 2613 3722 2708 3798; x_wconf 92' lang='lat' dir='ltr'>ad</span> <span class='ocrx_word' id='word_1_191' title='bbox 2750 3722 2993 3799; x_wconf 83' lang='lat' dir='ltr'>villam</span> <span class='ocrx_word' id='word_1_192' title='bbox 3034 3752 3197 3831; x_wconf 87' lang='lat' dir='ltr'>quae</span> <span class='ocrx_word' id='word_1_193' title='bbox 3236 3744 3536 3804; x_wconf 87' lang='lat' dir='ltr'>vocatur</span> 
     </span>
     <span class='ocr_line' id='line_1_22' title="bbox 705 3849 3532 3959; baseline 0.003 -34"><span class='ocrx_word' id='word_1_194' title='bbox 705 3849 966 3937; x_wconf 83' lang='lat' dir='ltr'>Lacus,</span> <span class='ocrx_word' id='word_1_195' title='bbox 1001 3877 1187 3955; x_wconf 84' lang='lat' dir='ltr'>quas</span> <span class='ocrx_word' id='word_1_196' title='bbox 1229 3849 1387 3954; x_wconf 91' lang='lat' dir='ltr'>ipse</span> <span class='ocrx_word' id='word_1_197' title='bbox 1422 3849 1665 3958; x_wconf 86' lang='lat' dir='ltr'>Guigo</span> <span class='ocrx_word' id='word_1_198' title='bbox 1712 3869 1787 3928; x_wconf 91' lang='lat' dir='ltr'>et</span> <span class='ocrx_word' id='word_1_199' title='bbox 1825 3858 1978 3959; x_wconf 84' lang='lat' dir='ltr'>ipsa</span> <span class='ocrx_word' id='word_1_200' title='bbox 2016 3851 2196 3940; x_wconf 86' lang='lat' dir='ltr'>Ava,</span> <span class='ocrx_word' id='word_1_201' title='bbox 2240 3881 2377 3959; x_wconf 90' lang='lat' dir='ltr'>pro</span> <span class='ocrx_word' id='word_1_202' title='bbox 2411 3852 2750 3931; x_wconf 88' lang='lat' dir='ltr'>remedio</span> <span class='ocrx_word' id='word_1_203' title='bbox 2789 3853 3199 3930; x_wconf 85' lang='lat' dir='ltr'>animarum</span> <span class='ocrx_word' id='word_1_204' title='bbox 3239 3883 3532 3956; x_wconf 80' lang='lat' dir='ltr'>suarum</span> 
     </span>
     <span class='ocr_line' id='line_1_23' title="bbox 709 3982 3537 4092; baseline 0.004 -41"><span class='ocrx_word' id='word_1_205' title='bbox 709 3995 781 4052; x_wconf 87' lang='lat' dir='ltr'>et</span> <span class='ocrx_word' id='word_1_206' title='bbox 818 3997 1209 4082; x_wconf 86' lang='lat' dir='ltr'>parentum</span> <span class='ocrx_word' id='word_1_207' title='bbox 1249 4008 1560 4058; x_wconf 88' lang='lat' dir='ltr'>suorum</span> <span class='ocrx_word' id='word_1_208' title='bbox 1601 3998 1677 4058; x_wconf 85' lang='lat' dir='ltr'>et</span> <span class='ocrx_word' id='word_1_209' title='bbox 1708 4009 1846 4088; x_wconf 88' lang='lat' dir='ltr'>pro</span> <span class='ocrx_word' id='word_1_210' title='bbox 1876 3982 2217 4060; x_wconf 85' lang='lat' dir='ltr'>remedio</span> <span class='ocrx_word' id='word_1_211' title='bbox 2245 3983 2377 4060; x_wconf 84' lang='lat' dir='ltr'>filii</span> <span class='ocrx_word' id='word_1_212' title='bbox 2408 3984 2520 4061; x_wconf 90' lang='lat' dir='ltr'>sui</span> <span class='ocrx_word' id='word_1_213' title='bbox 2552 3984 2783 4092; x_wconf 86' lang='lat' dir='ltr'>ipsius</span> <span class='ocrx_word' id='word_1_214' title='bbox 2821 3984 3165 4075; x_wconf 87' lang='lat' dir='ltr'>Ebrardi‚</span> <span class='ocrx_word' id='word_1_215' title='bbox 3212 4014 3343 4090; x_wconf 86' lang='lat' dir='ltr'>per</span> <span class='ocrx_word' id='word_1_216' title='bbox 3382 4014 3537 4062; x_wconf 87' lang='lat' dir='ltr'>car-</span> 
     </span>
     <span class='ocr_line' id='line_1_24' title="bbox 705 4108 3534 4223; baseline 0.005 -44"><span class='ocrx_word' id='word_1_217' title='bbox 705 4122 868 4196; x_wconf 33' lang='lat' dir='ltr'>tam·</span> <span class='ocrx_word' id='word_1_218' title='bbox 904 4108 1251 4185; x_wconf 87' lang='lat' dir='ltr'>cessionis</span> <span class='ocrx_word' id='word_1_219' title='bbox 1295 4111 1370 4188; x_wconf 90' lang='lat' dir='ltr'>S.</span> <span class='ocrx_word' id='word_1_220' title='bbox 1423 4111 1641 4188; x_wconf 83' lang='lat' dir='ltr'>Petro</span> <span class='ocrx_word' id='word_1_221' title='bbox 1697 4111 2031 4192; x_wconf 83' lang='lat' dir='ltr'>Belliloci</span> <span class='ocrx_word' id='word_1_222' title='bbox 2085 4116 2547 4202; x_wconf 89' lang='lat' dir='ltr'>monasterii,</span> <span class='ocrx_word' id='word_1_223' title='bbox 2600 4115 2677 4192; x_wconf 89' lang='lat' dir='ltr'>in</span> <span class='ocrx_word' id='word_1_224' title='bbox 2730 4115 3115 4223; x_wconf 84' lang='lat' dir='ltr'>stipendiis</span> <span class='ocrx_word' id='word_1_225' title='bbox 3164 4133 3239 4191; x_wconf 88' lang='lat' dir='ltr'>et</span> <span class='ocrx_word' id='word_1_226' title='bbox 3280 4114 3534 4192; x_wconf 82' lang='lat' dir='ltr'>usibus</span> 
     </span>
     <span class='ocr_line' id='line_1_25' title="bbox 708 4234 3537 4350; baseline 0.006 -42"><span class='ocrx_word' id='word_1_227' title='bbox 708 4234 1243 4316; x_wconf 86' lang='lat' dir='ltr'>monachorum</span> <span class='ocrx_word' id='word_1_228' title='bbox 1283 4240 1360 4314; x_wconf 88' lang='lat' dir='ltr'>in</span> <span class='ocrx_word' id='word_1_229' title='bbox 1405 4243 1732 4318; x_wconf 86' lang='lat' dir='ltr'>venturis</span> <span class='ocrx_word' id='word_1_230' title='bbox 1770 4244 2406 4350; x_wconf 80' lang='lat' dir='ltr'>generationibus,</span> <span class='ocrx_word' id='word_1_231' title='bbox 2451 4245 2582 4324; x_wconf 82' lang='lat' dir='ltr'>uhi</span> <span class='ocrx_word' id='word_1_232' title='bbox 2626 4247 2735 4322; x_wconf 83' lang='lat' dir='ltr'>vir</span> <span class='ocrx_word' id='word_1_233' title='bbox 2783 4245 3217 4323; x_wconf 83' lang='lat' dir='ltr'>venerabilis</span> <span class='ocrx_word' id='word_1_234' title='bbox 3255 4244 3537 4323; x_wconf 86' lang='lat' dir='ltr'>Gairul·</span> 
     </span>
    </p>
   </div>
   <div class='ocr_carea' id='block_1_12' title="bbox 710 4473 3536 4644">
    <p class='ocr_par' dir='ltr' id='par_1_12' title="bbox 710 4473 3536 4644">
     <span class='ocr_line' id='line_1_26' title="bbox 791 4473 3536 4569; baseline 0.006 -35"><span class='ocrx_word' id='word_1_235' title='bbox 791 4473 811 4503; x_wconf 88' lang='lat'>⁸</span> <span class='ocrx_word' id='word_1_236' title='bbox 853 4473 1063 4535; x_wconf 70' lang='lat' dir='ltr'>Cat-olo</span> <span class='ocrx_word' id='word_1_237' title='bbox 1096 4474 1352 4545; x_wconf 83' lang='lat' dir='ltr'>Minore,</span> <span class='ocrx_word' id='word_1_238' title='bbox 1374 4476 1566 4537; x_wconf 80' lang='lat' dir='ltr'>Caroli</span> <span class='ocrx_word' id='word_1_239' title='bbox 1589 4477 1746 4538; x_wconf 83' lang='lat' dir='ltr'>Calvi</span> <span class='ocrx_word' id='word_1_240' title='bbox 1772 4480 1893 4541; x_wconf 78' lang='lat' dir='ltr'>filio</span> <span class='ocrx_word' id='word_1_241' title='bbox 1922 4494 1979 4542; x_wconf 90' lang='lat' dir='ltr'>et</span> <span class='ocrx_word' id='word_1_242' title='bbox 2010 4484 2438 4566; x_wconf 78' lang='lat' dir='ltr'>Aquitanorum</span> <span class='ocrx_word' id='word_1_243' title='bbox 2467 4505 2630 4567; x_wconf 76' lang='lat' dir='ltr'>rege,</span> <span class='ocrx_word' id='word_1_244' title='bbox 2657 4485 2790 4546; x_wconf 81' lang='lat' dir='ltr'>vide</span> <span class='ocrx_word' id='word_1_245' title='bbox 2825 4507 3000 4569; x_wconf 80' lang='lat' dir='ltr'>supra</span> <span class='ocrx_word' id='word_1_246' title='bbox 3020 4535 3033 4556; x_wconf 84' lang='lat'>,</span> <span class='ocrx_word' id='word_1_247' title='bbox 3068 4488 3227 4551; x_wconf 72' lang='lat' dir='ltr'>Notos</span> <span class='ocrx_word' id='word_1_248' title='bbox 3257 4501 3312 4551; x_wconf 75' lang='lat' dir='ltr'>et</span> <span class='ocrx_word' id='word_1_249' title='bbox 3342 4491 3536 4552; x_wconf 55' lang='lat' dir='ltr'>&amp;clair-</span> 
     </span>
     <span class='ocr_line' id='line_1_27' title="bbox 710 4579 1336 4644; baseline 0.003 -9"><span class='ocrx_word' id='word_1_250' title='bbox 710 4579 1030 4644; x_wconf 61' lang='lat' dir='ltr'>cisternenss,</span> <span class='ocrx_word' id='word_1_251' title='bbox 1063 4593 1228 4637; x_wconf 79' lang='lat' dir='ltr'>num.</span> <span class='ocrx_word' id='word_1_252' title='bbox 1259 4598 1336 4637; x_wconf 76' lang='lat' dir='ltr'>rx.</span> 
     </span>
    </p>
   </div>
   <div class='ocr_carea' id='block_1_13' title="bbox 1909 4716 2351 4732">
    <p class='ocr_par' dir='ltr' id='par_1_13' title="bbox 1909 4716 2351 4732">
     <span class='ocr_line' id='line_1_28' title="bbox 1909 4716 2351 4732; baseline 0 1037"><span class='ocrx_word' id='word_1_253' title='bbox 1909 4716 2351 4732; x_wconf 95' lang='lat' dir='ltr'> </span> 
     </span>
    </p>
   </div>
   <div class='ocr_carea' id='block_1_14' title="bbox 711 4809 3073 4980">
    <p class='ocr_par' dir='ltr' id='par_1_14' title="bbox 711 4809 3073 4980">
     <span class='ocr_line' id='line_1_29' title="bbox 795 4809 3073 4910; baseline 0.005 -39"><span class='ocrx_word' id='word_1_254' title='bbox 795 4810 811 4839; x_wconf 85' lang='lat'>¹</span> <span class='ocrx_word' id='word_1_255' title='bbox 858 4809 1074 4895; x_wconf 84' lang='lat' dir='ltr'>Supra,</span> <span class='ocrx_word' id='word_1_256' title='bbox 1111 4812 1173 4871; x_wconf 88' lang='lat' dir='ltr'>in</span> <span class='ocrx_word' id='word_1_257' title='bbox 1214 4811 1410 4873; x_wconf 80' lang='lat' dir='ltr'>charta</span> <span class='ocrx_word' id='word_1_258' title='bbox 1448 4833 1535 4885; x_wconf 77' lang='lat' dir='ltr'>m,</span> <span class='ocrx_word' id='word_1_259' title='bbox 1574 4813 1832 4874; x_wconf 81' lang='lat' dir='ltr'>invenies</span> <span class='ocrx_word' id='word_1_260' title='bbox 1869 4814 2048 4877; x_wconf 69' lang='lat' dir='ltr'>dom-</span> <span class='ocrx_word' id='word_1_261' title='bbox 2285 4817 2320 4910; x_wconf 24' lang='grc' dir='ltr'><strong><em>Ὠ</em></strong></span> <span class='ocrx_word' id='word_1_262' title='bbox 2351 4818 2542 4880; x_wconf 68' lang='lat' dir='ltr'>Anaua</span> <span class='ocrx_word' id='word_1_263' title='bbox 2569 4819 2616 4881; x_wconf 93' lang='lat' dir='ltr'>C</span> <span class='ocrx_word' id='word_1_264' title='bbox 2660 4821 2899 4882; x_wconf 76' lang='lat' dir='ltr'>inferius</span> <span class='ocrx_word' id='word_1_265' title='bbox 2930 4820 3073 4885; x_wconf 68' lang='lat' dir='ltr'>Ata.</span> 
     </span>
     <span class='ocr_line' id='line_1_30' title="bbox 711 4914 2004 4980; baseline 0.007 -9"><span class='ocrx_word' id='word_1_266' title='bbox 711 4914 928 4973; x_wconf 82' lang='lat' dir='ltr'>tionem</span> <span class='ocrx_word' id='word_1_267' title='bbox 958 4914 1211 4976; x_wconf 62' lang='lat' dir='ltr'>ecclesiae</span> <span class='ocrx_word' id='word_1_268' title='bbox 1240 4915 1297 4976; x_wconf 88' lang='lat' dir='ltr'>S.</span> <span class='ocrx_word' id='word_1_269' title='bbox 1332 4915 1526 4976; x_wconf 86' lang='lat' dir='ltr'>Boniti</span> <span class='ocrx_word' id='word_1_270' title='bbox 1555 4926 1613 4977; x_wconf 80' lang='lat' dir='ltr'>et</span> <span class='ocrx_word' id='word_1_271' title='bbox 1631 4915 1777 4978; x_wconf 78' lang='lat' dir='ltr'>villae</span> <span class='ocrx_word' id='word_1_272' title='bbox 1800 4918 2004 4980; x_wconf 81' lang='lat' dir='ltr'>Lacus.</span> 
     </span>
    </p>
   </div>
   <div class='ocr_carea' id='block_1_15' title="bbox 3673 3699 3911 3757">
    <p class='ocr_par' dir='ltr' id='par_1_15' title="bbox 3673 3699 3911 3757">
     <span class='ocr_line' id='line_1_31' title="bbox 3673 3699 3911 3757; baseline -0.004 -15"><span class='ocrx_word' id='word_1_273' title='bbox 3673 3699 3723 3742; x_wconf 76' lang='lat' dir='ltr'><strong>G.</strong></span> <span class='ocrx_word' id='word_1_274' title='bbox 3741 3715 3788 3757; x_wconf 81' lang='lat' dir='ltr'>p.</span> <span class='ocrx_word' id='word_1_275' title='bbox 3815 3699 3911 3755; x_wconf 76' lang='lat'>¹7⁸·</span> 
     </span>
    </p>
   </div>
  </div>
 </body>
</html>
