4442 5769
1334 542 1962 618 MONASTERII
2023 542 2157 617 DE
2220 544 2850 620 BELLOLOCO.
3408 539 3501 612 45

669 712 1146 799 transfundo,
1197 710 1291 787 ad
1326 710 1762 801 habendum
1801 711 1974 819 jure
2020 713 2510 791 ecclesiastico
2566 730 2640 790 et
2680 712 3107 792 faciendum
3147 712 3508 820 quioquid

673 842 1064 949 elegerint.
1099 843 1466 918 Futurum
1500 841 1737 931 enim,
1772 843 1982 948 quod
2012 843 2321 921 minime
2355 842 2615 935 cred0,
2652 844 2710 919 si
2749 871 2885 950 ego
2917 844 3105 951 ipsa,
3141 860 3270 921 aut
3303 814 3506 920 ullfis

675 999 764 1049 ex
795 971 1204 1063 heredibus
1231 973 1453 1059 mem,
1494 971 1612 1048 vel
1648 971 2008 1077 quislibet
2045 974 2313 1064 homo,
2347 973 2478 1080 qui
2521 990 2774 1050 contra
2814 974 3006 1051 hanc
3059 975 3500 1058 cessionem,

674 1130 898 1208 quam
944 1100 1287 1179 manibus
1326 1102 1516 1179 meis
1555 1102 2097 1180 subterfirmavi
2140 1120 2215 1180 et
2250 1102 2546 1180 firmare
2585 1104 2869 1211 rogavi,
2904 1102 3157 1181 venire
3199 1119 3327 1179 aut
3359 1120 3510 1179 ter-

674 1232 1108 1338 giversator⁹
1138 1231 1503 1309 adstiterit
1535 1231 1748 1339 [alias
1775 1265 1798 1308 .·
1826 1261 2046 1311 ausus
2077 1233 2288 1339 erit]‚
2323 1232 2662 1339 inprimis
2695 1234 2881 1310 iram
2916 1235 3058 1312 Dei
3095 1235 3506 1321 incurrat¹⁰‚

678 1379 752 1438 et
794 1361 873 1439 S.
924 1363 1224 1440 Petrum
1279 1361 1548 1439 babeat
1595 1362 2042 1440 contrarium
2089 1392 2262 1440 cum
2316 1363 2668 1443 omnibus
2715 1365 3015 1453 sanctis,
3074 1381 3151 1440 et
3206 1363 3512 1469 insuper
3646 1376 3653 1382 ’

679 1508 1075 1596 componat
1110 1492 1230 1569 cui
1274 1491 1482 1569 litem
1525 1491 1858 1570 intulerit
1895 1521 2043 1571 una
2080 1522 2249 1571 cum
2283 1494 2485 1571 socio
2524 1493 2706 1572 fisco
2747 1495 2905 1572 auri
2944 1493 3171 1571 libras
3211 1494 3504 1582 decem,

678 1622 956 1729 argenti
994 1623 1293 1727 pondus
1344 1639 1642 1700 centum
1662 1683 1680 1711 ‚
1734 1640 1810 1699 et
1863 1652 1996 1701 sua
2037 1624 2383 1730 repetitio
2426 1623 2714 1700 nullum
2755 1624 3086 1702 obtineat
3124 1623 3506 1716 effectum,

680 1770 756 1828 et
790 1779 1113 1859 praesens
1156 1751 1391 1829 cessio
1444 1754 1612 1841 ista,
1655 1781 1880 1858 quam
1918 1782 2088 1861 eg0,
2131 1782 2269 1860 pro
2310 1755 2653 1831 remedio
2692 1756 2957 1831 animae
2994 1782 3211 1844 mese,
3256 1771 3328 1831 et
3374 1782 3509 1860 pro

679 1883 922 1959 anima
973 1881 1349 1988 quondam
1388 1881 1730 1987 jamdicti
1785 1883 1919 1960 viri
1973 1885 2157 1973 mei,
2226 1900 2303 1960 et
2354 1912 2490 1991 pro
2545 1884 2930 1962 animabus
2977 1885 3509 1992 jamdictorum

680 2012 1008 2091 filiorum
1034 2039 1376 2089 meorum
1399 2010 1647 2119 [feci]‚
1677 2009 1888 2089 firma
1921 2013 2157 2091 valeat
2195 2013 2600 2120 perdurare
2630 2042 2801 2091 cum
2833 2013 3309 2121 stipulatione
3339 2014 3514 2091 sub-

682 2143 871 2218 nixa.
911 2142 1188 2219 Facta¹¹
1219 2141 1552 2220 cessione
1582 2142 1660 2218 in
1700 2171 1955 2221 mense
1980 2138 2230 2249 aprili,
2264 2171 2459 2223 anno
2490 2145 2754 2251 quinto
2772 2152 2824 2195 ¹⁹
2853 2145 3103 2224 Karoli
3133 2145 3512 2223 minoris¹³

679 2273 896 2379 regis.
916 2273 992 2350 S.
1012 2271 1458 2350 Rottrudis¹⁶
1477 2273 1640 2349 Deo
1659 2272 1966 2364 devotae,
1986 2304 2151 2382 quae
2170 2275 2359 2351 hanc
2379 2275 2787 2354 cessionem
2806 2276 2968 2354 fieri
2992 2276 3105 2354 vel
3120 2274 3510 2353 adfirmare

679 2402 983 2508 rogavit.
1029 2400 1108 2480 S.
1149 2400 1581 2482 Godefredi.
1637 2401 1713 2479 S.
1768 2401 2153 2481 Andr-aldi.
2193 2403 2271 2481 S.
2321 2404 2653 2511 Drogoni
2693 2403 2829 2482 filii
2882 2405 3066 2513 ejus».
3111 2406 3185 2483 S.
3237 2404 3507 2483 Elioni.

685 2533 762 2609 S.
787 2532 1185 2609 Bertlandi.
1240 2531 1318 2609 S.
1350 2530 1727 2609 Meinaldi.
1783 2534 1859 2612 S.
1902 2533 2381 2612 Ermoario¹⁵.
2427 2534 2501 2612 S.
2544 2534 2847 2612 Rodulfi
2889 2535 3214 2643 episcopi
3231 2541 3305 2610 ¹⁶.

1411 2855 3523 2894 «w

2001 3086 2188 3163 XX¹.

692 3295 988 3374 [venditio
1015 3295 1264 3358 {iodulfo
1293 3297 1438 3358 facta
1468 3319 1501 3358 a
1533 3297 1762 3360 Bosone
1786 3308 1844 3356 et
1866 3295 2115 3364 Telesia,
2141 3297 2217 3356 de
2242 3294 2459 3380 Biliaco
2482 3315 2712 3355 necnon
2738 3293 2987 3355 Altriaco
3013 3306 3070 3356 et
3091 3294 3308 3356 Betuco
3336 3295 3514 3373 vilia]

799 3541 949 3616 Lex
976 3542 1308 3618 Romana
1337 3541 1602 3618 edocet
1632 3557 1705 3616 et
1736 3538 1997 3647 regalis
2025 3555 2348 3645 potestas
2373 3565 2523 3614 non
2543 3536 2925 3643 prohibet,
2957 3556 3042 3615 ut
3063 3539 3518 3645 quicumque
3648 3543 3769 3596 Mai.
3794 3543 3917 3598 84·-

692 3670 921 3747 homo
958 3669 1329 3776 perfectus
1387 3686 1592 3746 aetate
1648 3696 1997 3775 persona,
2057 3697 2175 3745 res
2227 3696 2392 3744 suas
2441 3668 2517 3754 in
2568 3665 2809 3746 alieno
2851 3668 3022 3774 jure
3062 3669 3353 3745 tradere
3394 3686 3523 3746 aut

3560 3743 3668 3802 ΒΨ.
3684 3746 3753 3788 35.
3774 3742 3912 3800 8801).
3932 3746 4006 3797 ⁶⁷·

775 3870 794 3900 ⁹
844 3867 1241 3954 Terqivenator·
1266 3873 1470 3933 alienus
1491 3891 1600 3957 pro
1619 3872 1863 3932 astiterit.
1887 3871 1951 3931 B.
2176 3870 2447 3937 minoris,
2488 3889 2580 3930 res
2614 3868 2704 3929 ibi
2744 3868 2971 3931 donatae
3002 3868 3221 3930 traditae
3266 3871 3517 3933 fuerunt.
3673 3819 3722 3861 c·
3743 3833 3786 3874 p·
3811 3822 3881 3862 ⁵⁰⁸

777 3970 818 4002 ¹⁰
863 3974 1145 4034 lucar-nati
1161 3975 1230 4035 B.
1256 3988 1315 4035 et
1336 3972 1451 4036 SG.
2267 3969 2307 4000 ¹³
2349 3970 2590 4031 ,Iunior-is
2618 3970 2741 4031 Bal.
2768 3971 2943 4033 Deest
2965 3974 3209 4034 omnino
3238 3972 3349 4037 SG.

778 4074 818 4104 ¹¹
860 4073 1047 4135 Facie
1064 4077 1306 4136 cessionis
1331 4077 1396 4137 B.
1424 4087 1482 4137 et
1511 4075 1625 4137 SG.
1659 4075 1834 4135 Facta
1866 4072 2028 4136 trudi·
2119 4083 2130 4106 ⁸
2270 4069 2308 4102 '⁴
2351 4071 2449 4134 Sic
2478 4073 2546 4134 Β.
2579 4083 2637 4134 et
2663 4072 2779 4135 SG.
2805 4073 3058 4135 Rom-adi
3081 4074 3144 4135 C.

691 4179 830 4237 tione
855 4174 965 4236 Ch.
2270 4173 2309 4204 '³
2352 4175 2651 4236 Ermoarioe
2676 4175 2797 4237 Bal.

776 4275 817 4308 ¹⁸
845 4277 1094 4340 Inferius
1129 4279 1192 4339 in
1227 4277 1421 4340 charta
1464 4300 1672 4350 ccxxx,
1708 4281 1853 4340 sacta
1890 4301 2034 4361 quon
2270 4274 2310 4307 ¹⁶
2355 4276 2465 4337 Hic
2504 4289 2590 4338 est
2616 4279 2676 4340 S.
2708 4277 2993 4339 Rodulfus
3024 4277 3515 4359 archiepiscopus,

689 4400 807 4461 que
831 4381 896 4441 in
913 4401 1117 4442 mense
1153 4381 1311 4441 maio
1329 4427 1343 4448 ‚
1384 4402 1540 4442 anno
1588 4382 1796 4463 quinto
1839 4380 2030 4442 Caroli
2185 4378 2484 4440 Rottrudis
2513 4380 2704 4441 stater.

775 4602 794 4633 ¹
838 4601 1066 4665 Videsis
1094 4601 1471 4666 donationem
1522 4603 1760 4666 Rodulfi
1803 4604 1878 4665 de
1925 4604 2029 4664 ista
2180 4606 2327 4665 mari
2351 4603 2649 4664 Scalarum
2671 4603 3047 4672 vicecomitis,
3072 4614 3521 4686 etpronepotem

691 4703 824 4765 villa
842 4703 1080 4775 Biiiaco.
1095 4694 1236 4766 anxii
1255 4707 1408 4776 860,
1431 4707 1493 4767 in
1512 4706 1708 4767 charta
1730 4717 2029 4788 sequente.
2181 4705 2415 4767 Rodum
2446 4704 2671 4766 comitis
2698 4705 3123 4774 Turennensis;
3162 4705 3261 4767 sed
3296 4703 3521 4765 Justessi

693 4807 983 4868 Bosonem
1041 4806 1402 4869 venditorem
1475 4807 1754 4869 Justellus
1813 4804 2034 4892 pulavit
2180 4829 2438 4870 errorem
2477 4804 2666 4868 Baluz.
2697 4805 3140 4876 demonstravit,
3166 4807 3315 4868 Hise.
3345 4807 3518 4866 Tutel.

694 4929 818 4970 esse
842 4911 1238 4970 vicecomitem
1278 4911 1588 4980 Bosonem‚
1617 4910 1849 4972 fratrem
1891 4910 2033 4972 Ade-
2181 4933 2238 4994 p.
2271 4912 2360 4976 ιΙι.
