4442 5769
954 520 1104 592 266
1884 497 1891 502 ’
1970 512 2784 591 CHARTULARIUM

2239 1001 2291 1074 C
2307 1000 2362 1074 X
2375 999 2427 1076 C
2440 988 2574 1074 11¹.

1698 1293 1942 1374 [Notitia
1972 1290 2047 1354 de
2076 1290 2341 1354 hominio
2371 1291 2568 1352 vicarii
2599 1290 2674 1351 de
2703 1289 3046 1370 Belloloco]

1058 1587 1309 1666 Sciant
1348 1604 1738 1695 praesentes
1790 1604 1863 1663 et
1909 1584 2143 1663 futuri
2185 1584 2392 1693 quod
2430 1613 2514 1662 ex
2555 1584 2856 1691 antiqua
2897 1583 3431 1662 consuetudine
3473 1584 3795 1664 ecclesiae

846 1782 867 1814 ,
952 1747 1100 1796 suae
1142 1719 1464 1797 domnus
1488 1719 1566 1795 P.
1602 1717 1756 1823 [leq.
1787 1715 2104 1823 Petrus]‚
2129 1714 2642 1794 Bellilocensis
2670 1713 2919 1805 abbaS,
2955 1714 3196 1821 exegit
3225 1712 3691 1792 hominium³
3722 1736 3798 1795 et

873 1824 883 1835 ⁸
948 1848 1383 1927 fidelitatem
1423 1876 1466 1925 a
1494 1850 1576 1927 B.
1622 1846 2233 1960 [1293Bernardo]
2275 1846 2586 1925 vicario⁴²
2626 1846 2818 1925 sicut
2855 1874 2896 1922 a
2933 1845 3603 1954 praedecessoribus
3643 1850 3797 1925 suis

754 1981 810 2096 ζ.
942 1978 1180 2059 suerat
1210 1980 1653 2058 institutum.
1682 1982 1842 2087 Ipse
1872 2007 2073 2070 vern,
2109 1978 2417 2058 consilio
2449 1977 2807 2056 clientum
2840 1995 2916 2056 et
2945 1977 3369 2056 seniorum⁵
3398 1977 3795 2085 diligenter

942 2112 1340 2219 exquisito,
1382 2111 1727 2218 petitioni
1777 2111 2133 2190 satisfecit
2179 2109 2326 2188 hoc
2375 2111 2607 2188 modo
2654 2141 2671 2186 ε
2718 2108 2796 2186 in
2839 2110 3229 2217 praesentia
3278 2110 3622 2187 omnium
3659 2111 3792 2217 qui

937 2243 1033 2320 ad
1062 2244 1205 2322 hoc
1236 2260 1757 2336 convenerant,
1793 2243 2190 2351 praedictus
2231 2245 2312 2321 B.
2361 2240 2846 2350 [Bernardus]
2873 2303 2891 2331 ‚
2937 2241 3307 2349 ingressus
3347 2241 3789 2348 capitulum,

934 2373 1108 2450 fecit
1153 2373 1575 2452 hominium
1628 2372 1908 2451 domno
1959 2367 2242 2462 abbati,
2296 2372 2652 2479 deditque
2701 2370 2929 2449 fidem
2972 2372 3040 2450 ei
3091 2371 3197 2448 sic
3256 2371 3504 2449 omnia
3553 2400 3795 2450 serva-

786 2534 801 2541 ·
936 2521 1214 2580 turum.
1249 2501 1539 2580 Deinde
1574 2520 1650 2580 et
1677 2532 1900 2610 super
1934 2502 2155 2581 altare
2186 2507 2270 2582 B.
2302 2501 2571 2580 Emelii
2592 2564 2610 2592 ‚
2637 2503 2848 2581 tactis
2877 2502 3353 2580 sacrosanctis
3379 2502 3793 2610 Evangeliis

936 2651 1010 2709 et
1051 2631 1291 2710 Cruce
1343 2632 1745 2724 dominica,
1800 2662 1969 2711 cum
2014 2633 2352 2741 reliquiis
2399 2634 2474 2712 S.
2523 2634 2720 2711 Petri
2771 2633 3299 2742 superpositis,
3350 2633 3790 2712 fidelitatem

925 2763 1238 2870 juravit;
1289 2782 1365 2841 et
1411 2764 1472 2840 si
1523 2782 1778 2842 contra
1828 2764 2076 2842 datam
2124 2763 2357 2842 fidem
2393 2763 2510 2843 vel
2560 2781 2810 2843 contra
2849 2765 3361 2873 juramentum
3411 2764 3489 2840 in
3540 2764 3788 2874 aliquo

937 2894 1405 3003 deliquisset,
1431 2894 1621 2973 infra
1657 2914 1942 3004 septem
1976 2897 2136 2975 dies
2164 2897 2262 2974 ad
2290 2896 2678 2974 arbitrium
2713 2896 2975 2975 domni
3005 2895 3291 2975 abbatis
3332 2897 3783 2975 emendaret.

928 3028 1123 3105 Cum
1172 3055 1376 3116 vero,
1417 3045 1625 3134 patre
1668 3026 2055 3118 defuncto,
2098 3028 2194 3105 ad
2232 3027 2378 3106 hoc
2427 3028 2632 3105 idem
2683 3027 3121 3106 solvendum
3162 3026 3252 3106 G.
3306 3026 3785 3136 [Geraldum]

926 3157 1169 3235 filium
1212 3159 1374 3266 ejus
1417 3159 1740 3238 domnus
1780 3159 2004 3238 abbas
2043 3160 2500 3250 conveniret,
2533 3158 3045 3266 juramentum
3082 3157 3394 3265 quidem
3437 3175 3513 3235 et
3549 3156 3788 3237 homi-

926 3290 1139 3366 nium
1184 3306 1528 3394 praestare
1581 3318 1733 3368 non
1789 3290 2090 3380 abnuit,
2131 3291 2267 3368 sed
2318 3290 2412 3369 de
2462 3289 2798 3397 reliquiis
2839 3288 3436 3396 superponendis
3495 3307 3788 3367 contro—

926 3425 1239 3500 versiam
1257 3425 1522 3515 movit,
1550 3423 1906 3531 deditque
1935 3423 2414 3531 fidejussores
2434 3422 2723 3532 judicio
2758 3422 2914 3500 sisti
2940 3452 2957 3497 t
2980 3420 3392 3502 Willelmi⁶
3411 3419 3781 3507 Rotberti,

924 3550 1294 3630 Willelmi
1336 3552 1429 3629 de
1465 3552 2338 3643 Curamonta‚Wilielmi
2380 3553 2503 3631 del
2545 3554 2750 3631 Bosc.
2786 3551 3078 3631 Deinde
3120 3580 3333 3629 causa
3375 3552 3785 3628 examinata

926 3683 1004 3759 in
1041 3711 1267 3761 manu
1306 3684 1627 3775 abbatis,
1657 3686 2042 3793 productis
2078 3686 2394 3765 testibus
2436 3703 2509 3764 et
2548 3684 2867 3792 receptis
2899 3684 2994 3761 de
3034 3682 3632 3790 superpositione
3671 3711 3786 3760 re-

922 3813 1359 3921 liquiarum,
1402 3846 1541 3924 per
1588 3845 1987 3896 assessores
2040 3846 2216 3909 suos
2265 3816 2704 3897 sententiam
2758 3815 2968 3893 dedit
3012 3846 3028 3889 ε
3078 3814 3358 3892 scilicet
3400 3813 3640 3891 filium
3694 3842 3784 3891 eo

1008 4087 1020 4115 ¹
1069 4088 1156 4149 Ex
1175 4108 1285 4148 ms.
1311 4087 1377 4147 B.
1398 4087 1464 4148 C.
1487 4086 1602 4150 SG.
1626 4099 1685 4148 et
1698 4086 2043 4171 apographo
2065 4087 2138 4148 D.
2169 4086 2276 4147 Col
2425 4087 2622 4153 cessit.
2645 4086 2707 4147 id
2725 4097 2837 4154 est.
2868 4097 2933 4145 ut
2954 4085 3295 4169 conjicimus
3309 4131 3323 4155 ‚
3346 4083 3458 4145 sub
3471 4083 3754 4146 Umherto
3768 4131 3781 4151 ‚

920 4212 987 4251 ex
1030 4189 1382 4251 chartulario
1407 4192 1535 4275 ipso
1565 4201 1794 4252 exarato
1822 4190 1886 4251 in
1914 4188 2274 4253 Bibliotheca
2425 4191 2528 4272 qui
2548 4188 2957 4250 Bellilocenses
2974 4188 3120 4249 rexit
3133 4186 3207 4248 ab
3227 4207 3384 4248 anno
3415 4208 3435 4249 1
3456 4208 3476 4247 1
3491 4207 3573 4271 90
3593 4185 3668 4248 ad
3687 4208 3786 4246 an·

918 4293 1205 4376 imperiali
1235 4304 1478 4354 servato.
2425 4314 2570 4353 num
2601 4291 2937 4355 1205.vide
2957 4300 3231 4376 praeterea
3251 4290 3524 4359 inferius,
3545 4287 3780 4353 not.36‚

1002 4394 1022 4424 ²
1066 4396 1341 4481 Duplices
1393 4409 1545 4458 notae
1601 4394 1891 4458 chronicae
1948 4408 2087 4462 sunt
2132 4389 2271 4479 quia
2426 4395 2502 4479 37
2532 4407 2589 4456 et
2618 4396 2720 4457 38.

916 4497 1049 4558 duo.
1074 4498 1463 4560 instrumenta
1507 4501 1570 4560 in
1614 4521 1802 4561 unum
1853 4501 2267 4561 continentur:
2508 4496 2528 4527 ³
2573 4497 2908 4582 Homaqium
2936 4496 3003 4558 B.
3029 4507 3089 4557 et
3108 4494 3220 4559 SG.
3254 4495 3337 4556 ibi
3362 4507 3421 4558 et
3450 4495 3713 4556 inferius.

914 4602 1175 4685 primum
1215 4601 1326 4662 sub
1350 4602 1521 4664 Petro
1551 4601 1747 4664 Sancti
1774 4602 1979 4665 Sereni
2018 4601 2266 4671 sactum,
2505 4598 2526 4631 ⁴
2571 4601 2828 4670 Vicat-ic,
2861 4595 3294 4670 ut‘censemus‚
3322 4597 3709 4663 hannocensi.

912 4706 1017 4788 qui
1046 4705 1334 4767 abbatiam
1364 4706 1511 4767 rexit
1548 4704 1622 4766 ab
1657 4726 1812 4767 anno
1852 4704 2055 4766 saltem
2108 4728 2130 4765 1
2152 4703 2268 4773 164
2507 4702 2526 4733 ⁵
2568 4703 2859 4767 Servor-am
2888 4703 3026 4765 salse
3056 4702 3171 4765 SG.

914 4829 1101 4893 usque
1130 4809 1205 4870 ad
1233 4830 1457 4869 annum
1487 4832 1506 4869 1
1527 4829 1672 4894 ¹90³
1698 4796 2023 4870 secundum
2045 4807 2269 4869 subab-
2504 4807 2524 4837 ⁶
2579 4807 2891 4868 Vailielmas
2920 4805 3189 4875 Becher-ti,
3224 4803 3542 4867 Vuilielmm
3569 4802 3636 4864 do
3668 4801 3782 4865 Cu·
3857 4823 3872 4833 '

909 4911 1045 4975 bate
1073 4912 1315 4984 factum.
1348 4913 1454 4998 qui
1479 4912 1652 4975 Petro
1683 4912 1860 4975 adhuc
1901 4912 2098 4974 viventi
2134 4933 2263 4973 suc·
2419 4922 2688 4980 ramento,
2730 4909 3047 4972 Vailielmus
3075 4907 3166 4970 del
3183 4908 3364 4971 Bosoo
3392 4907 3463 4972 B.
3494 4918 3553 4969 et
3580 4904 3695 4969 SG.
