4442 5769
925 541 1073 610 238
1936 539 2742 614 CHARTULARIUM

918 727 1035 784 ter
1072 709 1567 816 supradictam
1602 707 1988 786 ecclesiam
2016 709 2293 787 scilicet
2320 709 2414 788 de
2444 710 2907 800 Cameriaco‚
2931 712 3177 790 abbati
3208 713 3530 792 Geraldo
3564 721 3764 823 ejus-

919 869 1065 947 que
1093 838 1645 917 successoribus
1683 837 2184 947 fratribusque
2227 841 2304 916 in
2343 839 2644 948 praefato
2681 843 3019 920 coenobio
3059 844 3548 923 servientibus
3588 876 3762 924 con—

920 973 1259 1049 cedimus
1298 971 1377 1047 in
1406 987 1859 1077 perpetuum
1898 972 2360 1059 habendam,
2402 1000 2770 1050 consensu
2808 972 3254 1052 clericorum
3296 994 3755 1067 nostrorum,

920 1102 1459 1180 archidiaconi⁷
1499 1100 1847 1178 videlicet
1880 1100 2203 1180 Americi
2246 1103 2341 1180 de
2370 1105 2720 1182 Jauniaco
2735 1111 2784 1194 ⁸,
2827 1121 2904 1182 et
2943 1106 3542 1212 archipresbiteri
3584 1111 3762 1187 Ber-

921 1233 1131 1309 nardi
1160 1234 1254 1311 de
1285 1233 1583 1322 Balado‚
1615 1233 1689 1308 in
1722 1260 2040 1339 quorum
2075 1234 2494 1312 ministerio
2523 1234 2828 1313 ecclesia
2854 1253 2964 1315 est
2993 1238 3163 1323 sita,
3190 1255 3265 1313 et
3291 1237 3505 1316 Eliae⁹
3526 1241 3764 1316 archi-

923 1364 1214 1440 diaconi
1260 1382 1331 1438 et
1371 1382 1827 1441 caeterorum.

1055 1676 1076 1681 -
1171 1675 1176 1681 ,
1207 1674 1242 1682 -,,
1364 1674 1818 1682 ----.-.-—.-—.-.—-4
2302 1677 3009 1685 —w—.—---..-—--..—...-—-—--
3026 1680 3123 1685 -----
3148 1680 3263 1685 .—.-...-
3316 1681 3349 1685 ..-
3390 1680 3557 1687 .-.--.—-—-
3570 1682 3727 1688 ---——-

2179 1905 2498 1979 CLXXI.

973 2113 1359 2193 [Arnebertus
1390 2123 1449 2171 et
1477 2133 1622 2172 uxor
1652 2113 1804 2195 ejus,
1837 2111 1912 2172 ad
1940 2111 2241 2173 clericatus
2271 2111 2569 2181 ordinem,
2603 2113 2952 2174 Arabes-tum
2983 2111 3172 2174 filium
3202 2136 3376 2176 suum
3409 2117 3708 2177 monachis

2196 2214 2484 2294 tradam]

1028 2414 1348 2519 Oportet
1385 2440 2007 2519 unumquemque
2059 2413 2155 2489 de
2207 2413 2526 2490 terrenis
2565 2413 2654 2491 ad
2704 2412 3026 2490 coelestia
3071 2431 3147 2490 et
3198 2415 3293 2491 de
3331 2415 3628 2494 caducis
3666 2419 3759 2494 ad

918 2572 1262 2623 mansura
1289 2544 1636 2632 transire,
1674 2572 1768 2620 ne
1797 2571 1998 2620 mors
2027 2544 2421 2650 repentina
2450 2543 2777 2649 aliquem
2814 2544 3267 2651 imparatum
3301 2546 3648 2636 inveniat,
3685 2566 3762 2625 et

759 2679 787 2765 ’,
915 2676 1075 2752 sine
1107 2691 1445 2782 respectu
1475 2674 1740 2752 divinae
1765 2674 2067 2781 pietatis
2095 2673 2190 2752 ab
2227 2675 2372 2752 hoc
2401 2673 2672 2751 saeculo
2692 2673 3224 2754 discedentem.
3250 2671 3760 2770 Quamobrem

915 2806 1143 2913 igitur
1167 2833 1303 2913 ego
1336 2805 1641 2881 enimin
1670 2806 1811 2883 Dei
1840 2804 2148 2882 nomine
2177 2803 2671 2883 Arnebertusl
2711 2822 2786 2882 et
2804 2833 2992 2884 uxor
3027 2833 3194 2883 mea
3223 2807 3542 2897 Manain,
3579 2835 3762 2887 con-

915 2938 1401 3017 sideravimus
1429 2965 1765 3014 amorem
1797 2936 2115 3015 coelestis
2143 2936 2427 3043 patriaez,
2460 2936 2797 3015 cedimus
2829 2964 2950 3014 res
2975 2939 3449 3046 proprietatis
3487 2958 3756 3019 nostrae

913 3069 1006 3146 ad
1048 3068 1584 3148 monasterium
1628 3068 1837 3177 quod
1885 3085 2189 3146 vocatur
2239 3066 2735 3157 Belluslocus,
2790 3068 2922 3146 ubi
2975 3070 3086 3147 vir
3133 3070 3568 3149 venerabilis
3612 3070 3760 3151 Ga-

911 3200 1148 3278 rulfus
1189 3201 1414 3279 abbas
1467 3228 1779 3307 praeesse
1834 3198 2134 3276 videtur
2179 3230 2195 3274 t
2246 3199 2392 3276 hoc
2443 3214 2556 3275 est
2605 3196 2993 3276 ecclesiam
3050 3217 3379 3278 nostram
3434 3231 3598 3308 quoe
3645 3220 3757 3279 est

909 3330 1210 3408 fundata
1266 3331 1344 3406 in
1391 3328 1679 3406 honore
1730 3330 1805 3407 S.
1852 3328 2201 3435 Projecti,
2259 3356 2430 3407 cum
2476 3328 2634 3435 ipsa
2682 3326 3107 3420 bacallaria3
3154 3346 3232 3407 et
3281 3349 3398 3408 est-
3440 3333 3518 3409 in
3566 3358 3758 3439 pago

910 3461 1368 3538 Limovicino
1387 3519 1404 3547 ‚
1438 3461 1516 3537 in
1544 3459 1806 3537 vicaria
1838 3459 2360 3566 Spaniacense3
2392 3477 2468 3536 et
2491 3488 2663 3537 cum
2692 3460 2849 3566 ipsa
2872 3461 3085 3538 vinea
3112 3489 3276 3569 quae
3305 3464 3521 3539 estin
3549 3461 3760 3539 Blan-

913 3592 1119 3677 diua,
1158 3591 1237 3667 in
1277 3592 1650 3697 integrum
1690 3592 1853 3669 Deo
1905 3590 2246 3667 salvatori
2286 3590 2632 3668 omnium
2675 3608 2751 3674 et
2789 3590 2865 3670 S.
2898 3592 3153 3682 Petr0‚
3189 3620 3361 3669 cum
3392 3592 3549 3671 filio
3583 3620 3762 3671 no&

909 3738 1025 3798 tro
1058 3720 1366 3799 nomine
1396 3720 1791 3810 Araberto‚
1831 3720 2217 3799 offerimus
2248 3720 2325 3798 in
2358 3721 2752 3826 stipendiis
2784 3722 3355 3814 monachorum,
3398 3741 3484 3800 ut
3520 3752 3755 3831 quan—

912 3851 1042 3929 diu
1092 3852 1546 3930 Arnebertus
1590 3853 1882 3942 vixerit,
1930 3852 2484 3931 usufructuario
2535 3868 2815 3942 teneat,
2870 3853 2978 3930 ita
3004 3871 3091 3930 ut
3132 3854 3350 3930 annis
3397 3854 3747 3961 singulis,

911 3982 1007 4060 ad
1047 3985 1349 4063 missam
1381 3985 1456 4063 S.
1496 3986 1724 4075 Petri,
1761 3983 2105 4062 denarios
2142 4001 2469 4091 quatuor
2498 3984 2576 4060 in
2607 4012 2774 4062 cera
2800 3983 3194 4091 persolvat,
3229 4002 3304 4061 et
3329 4002 3498 4090 post
3527 4013 3756 4063 suum

911 4114 1281 4194 dicessum
1299 4174 1314 4202 ,
1373 4132 1697 4195 rectores
1749 4115 2088 4223 ejusdem
2133 4113 2280 4193 loci
2327 4115 2403 4191 in
2453 4142 2664 4193 suam
2721 4114 2992 4193 faciant
3040 4142 3382 4193 revocare
3431 4134 3758 4223 potest&

906 4263 1082 4324 tem.
1127 4247 1352 4339 Sane,
1395 4248 1605 4356 quod
1650 4247 1954 4335 minime
1995 4247 2396 4337 credimuS‚
2450 4248 2509 4324 si
2562 4275 2699 4325 nos
2743 4248 2882 4354 ipsi
2922 4248 3306 4326 immutata
3344 4247 3715 4326 voluntate
3735 4310 3752 4336 ,

909 4396 1033 4455 aut
1065 4378 1210 4456 ulla
1240 4408 1553 4485 persona
1584 4396 1832 4457 contra
1860 4377 2051 4457 hanc
2079 4379 2491 4457 cessionem
2520 4377 2748 4457 ullam
2777 4377 2986 4457 litem
3011 4380 3502 4487 generaverit,
3546 4380 3756 4486 quod

993 4664 1012 4693 ⁷
1057 4663 1443 4725 Ambidiaconi
1471 4665 1634 4727 deest
1657 4665 1724 4726 B.
2492 4665 2511 4693 ⁹
2554 4666 2666 4726 Hic
2696 4676 2780 4727 est
2810 4664 3008 4739 Helias
3031 4665 3106 4726 de
3130 4664 3340 4727 Gimel.

996 4766 1013 4795 ⁵
1061 4768 1345 4829 Ganniaco
1365 4767 1430 4828 B.
1456 4780 1512 4828 et
1540 4767 1652 4832 SG.

999 4928 1011 4957 ¹
1058 4927 1376 4988 Amibmas
1398 4925 1512 4989 SG.
1538 4926 1620 4988 ibi
1650 4938 1707 4987 et
1735 4926 1992 4987 inferius.
