4442 5769
1349 635 1985 709 MONASTERII
2049 636 2179 709 DE
2244 640 2876 716 BELLOLOCO.
3440 650 3532 719 73

695 808 1002 886 fundata
1032 807 1111 882 in
1141 805 1511 883 bonorem
1554 806 1629 884 S.
1675 807 1905 909 Petri,
1941 833 2112 883 cum
2148 807 2302 912 ipsa
2340 808 2734 886 baccalaria
2766 811 3329 900 indominicata,
3365 843 3533 890 cum

695 941 856 1045 ipso
892 954 1137 1044 prato,
1183 953 1258 1012 et
1298 963 1469 1013 curn
1510 935 1674 1043 ipso
1711 936 1956 1015 brolio
1982 937 2549 1028 indominicato,
2588 956 2663 1016 et
2696 969 2864 1017 cum
2902 941 3065 1047 ipso
3104 971 3363 1023 manso
3403 946 3535 1051 qui

694 1091 806 1150 est
846 1072 939 1147 de
991 1071 1147 1176 ipsa
1188 1067 1498 1175 capella,
1532 1068 1780 1174 ipsum
1825 1096 2170 1146 mansum
2212 1068 2343 1147 ubi
2388 1068 2667 1148 Avidus
2703 1072 2903 1149 visus
2938 1090 3049 1151 est
3085 1102 3419 1161 manere,
3466 1096 3541 1155 et

693 1202 921 1279 alium
965 1228 1310 1279 mansum
1353 1199 1487 1277 uhi
1539 1200 1929 1306 Benjamin
1981 1199 2179 1277 visus
2244 1217 2353 1277 est
2403 1229 2738 1292 manere,
2789 1219 2864 1279 et
2913 1203 3145 1281 alium
3200 1234 3538 1284 mansum

694 1333 821 1410 ubi
861 1331 1260 1410 Rotbertus
1288 1331 1482 1407 visus
1523 1347 1633 1408 est
1665 1358 2004 1420 manere,
2041 1347 2118 1407 et
2140 1331 2369 1408 aliurn
2411 1361 2750 1410 mansum
2775 1332 2909 1411 uhi
2939 1332 3307 1413 Amardus
3342 1338 3542 1415 visus

696 1480 803 1541 est
844 1488 1181 1550 manere,
1225 1461 1383 1567 ipsa
1432 1461 1743 1567 capella,
1789 1490 1961 1538 cum
2012 1461 2169 1567 ipsa
2213 1460 2651 1553 baccalaria,
2706 1482 2782 1541 et
2837 1495 3006 1543 cum
3048 1465 3227 1571 ipsis
3268 1469 3542 1545 mansis

694 1591 1170 1700 supradictiS,
1204 1619 1375 1668 cum
1407 1592 1626 1670 terris
1654 1590 1876 1668 cultis
1906 1608 1981 1667 et
2017 1591 2346 1683 incultis,
2379 1610 2454 1672 et
2484 1623 2658 1671 cum
2689 1594 2843 1701 ipsa
2873 1595 3247 1702 plantada‚
3279 1600 3534 1703 pratis,

693 1725 923 1818 silviS‚
969 1723 1182 1830 aquis
1209 1750 1657 1828 aquarumve
1701 1721 2177 1811 decursibus,
2226 1710 2299 1800 et
2331 1741 2696 1830 quantum
2736 1725 2810 1801 in
2851 1727 3008 1831 ipsa
3045 1725 3211 1803 villa
3251 1729 3385 1804 visi
3418 1757 3542 1805 su-

697 1883 860 1932 mus
903 1852 1182 1930 habere
1236 1853 1354 1929 vel
1399 1854 1821 1959 possidere,
1876 1853 2276 1960 quaesitum
2333 1872 2407 1931 et
2458 1856 2662 1961 quod
2714 1855 3343 1962 adinquirendum
3395 1877 3535 1945 est,

692 2003 841 2062 tam
877 1986 1079 2061 intus
1117 1982 1363 2061 villam
1404 2012 1630 2090 quam
1673 1983 1853 2062 foris
1881 1965 2123 2062 villam
2149 2047 2166 2076 ,
2208 2001 2457 2063 totum
2501 2002 2575 2062 et
2612 1986 2704 2062 ad
2740 1985 3144 2094 integrum,
3188 1989 3350 2066 Deo
3401 1989 3542 2075 sd-

694 2117 924 2225 vatori
975 2114 1318 2194 omnium
1360 2132 1436 2193 et
1480 2115 1555 2193 S.
1603 2115 1823 2192 Petro
1864 2114 2274 2205 offerimus,
2315 2144 2453 2221 pro
2502 2116 2838 2193 remedio
2897 2118 3159 2194 animae
3195 2118 3539 2196 Matfredi

696 2247 1078 2352 quondam
1101 2309 1118 2338 ,
1152 2246 1233 2323 in
1260 2244 1652 2352 stipendiis
1689 2262 1763 2322 et
1797 2245 2059 2323 usibus
2094 2245 2670 2331 monachorum.
2721 2247 3083 2325 Similiter
3121 2249 3198 2324 in
3243 2252 3398 2354 ipsa
3442 2250 3542 2325 vi-

696 2378 917 2466 oeria,
972 2378 1051 2454 in
1102 2376 1276 2453 villa
1323 2376 1680 2466 Fellinas,
1734 2377 2067 2453 vineam⁶
2105 2395 2473 2466 nostram,
2515 2407 2739 2485 quam
2782 2377 2873 2495 de
2913 2380 3321 2459 Rotlendo⁷
3365 2407 3543 2457 con-

696 2505 1166 2613 quisivimus,
1202 2506 1563 2584 cedimus.
1593 2507 1687 2583 Et
1710 2506 1787 2582 in
1812 2534 2003 2614 pago
2036 2506 2462 2597 Caturcino,
2491 2508 2587 2584 ‘in
2626 2507 2891 2585 vicaria
2926 2508 3431 2598 Pauliacense,
3467 2512 3543 2588 in

695 2636 870 2714 villa
906 2667 1072 2745 quae
1105 2637 1379 2715 dicitur
1418 2637 1652 2744 Capra
1673 2698 1692 2725 ,
1729 2638 2306 2743 capmansionile
2334 2668 2507 2715 cum
2534 2640 2691 2745 ipsa
2722 2641 2936 2717 vinea
2951 2652 3000 2729 ⁸,
3041 2642 3540 2749 omnipotenti

695 2766 855 2847 Deo
903 2785 979 2845 et
1018 2770 1097 2849 S.
1148 2769 1368 2846 Petro
1409 2796 1492 2844 ea
1542 2767 1830 2846 ratione
1877 2767 2303 2858 offerimuS,
2346 2786 2432 2847 ut
2470 2770 2676 2846 omni
2728 2787 3070 2878 tempore
3108 2788 3546 2879 permaneat

698 2900 776 2976 in
824 2899 1085 2978 usibus
1137 2900 1496 2988 ecclesiae,
1549 2899 1627 2975 in
1677 2899 2209 2988 luminaribus»,
2254 2916 2332 2977 et
2378 2899 2542 2977 aliis
2599 2900 2827 2978 rebus
2872 2931 3038 3008 quae
3086 2903 3165 2978 in
3212 2903 3353 2979 Dei
3395 2933 3547 2980 ser-

699 3031 875 3108 vitio
926 3031 1335 3137 pertinent,
1391 3030 1744 3108 videlicet
1802 3058 2050 3138 neque
2094 3031 2173 3106 in
2227 3030 2490 3108 usibus
2536 3031 3079 3108 monachorum
3119 3031 3268 3107 sive
3318 3032 3545 3108 laico-

697 3190 865 3238 rum
909 3160 1122 3238 nullo
1162 3161 1394 3239 modo
1435 3161 1734 3240 licentia
1770 3162 1865 3239 sit
1903 3178 2032 3239 aut
2065 3160 2355 3237 abbatis
2392 3160 2541 3236 sive
2584 3160 2897 3267 alicujus
2938 3161 3267 3240 hominis
3302 3178 3544 3239 trans-

697 3290 889 3369 ferre
932 3309 1413 3397 potestatem,
1465 3292 1600 3369 sed
1639 3293 1846 3370 omni
1884 3309 2227 3397 tempore
2278 3289 2597 3367 firmiter
2641 3307 2936 3368 maneat
2978 3292 3055 3366 in
3107 3320 3249 3368 usu
3296 3291 3544 3371 altaris

700 3423 775 3499 S.
829 3423 1022 3498 Petri
1075 3422 1354 3530 absque
1399 3423 1633 3500 ullius
1687 3422 2021 3501 hominis
2075 3420 2686 3500 contradictione.
2739 3423 2883 3498 Ista
2931 3449 3236 3528 quoque
3294 3423 3545 3499 omnia

700 3554 1039 3658 superius
1060 3553 1711 3676 conscriptabideo
1738 3554 2059 3631 firmiter
2086 3570 2163 3630 et
2199 3552 2568 3630 stabiliter
2591 3553 2669 3628 in
2704 3552 2966 3630 usibus
2999 3553 3544 3631 monachorum

700 3683 1128 3773 offerimuS,
1187 3700 1263 3761 et
1324 3712 1573 3790 neque
1631 3683 1833 3761 ullus
1895 3682 2124 3761 abbas
2182 3684 2332 3760 sive
2392 3682 2595 3759 ullus
2646 3699 2892 3760 rector
2950 3682 3178 3789 hujus
3224 3682 3545 3761 ecclesiae

703 3812 972 3891 habeat
1006 3830 1490 3920 potestatem,
1535 3801 1784 3922 nefsue
1824 3816 1903 3890 in
1946 3812 2353 3902 beneficio,
2395 3841 2614 3891 causa
2662 3812 2993 3891 donandi
3034 3841 3165 3890 seu
3208 3842 3548 3892 concam-

700 3942 980 4031 biandi,
1013 3943 1162 4021 sive
1188 3972 1324 4049 pro
1365 3942 1898 4050 qualicumque
1938 3944 2193 4030 modo,
2228 3942 2668 4020 subtrahere
2702 3970 2856 4020 non
2880 3941 3149 4034 valeat,
3194 3961 3268 4020 et
3303 3944 3363 4020 si
3403 3945 3547 4023 hoc

700 4070 991 4164 fecerit,
1036 4076 1098 4150 si
1139 4101 1224 4150 ex
1265 4074 1444 4151 filiis
1480 4076 1678 4182 ejus⁹
1714 4103 1914 4153 unus
1953 4073 2440 4180 superfuerit,
2486 4072 2679 4180 ipsas
2718 4101 2839 4150 res
2878 4073 2956 4148 in
2996 4099 3207 4151 suam
3251 4093 3546 4152 revocet

701 4219 1171 4308 potestatem.
1217 4205 1408 4282 Sane
1448 4204 1510 4282 si
1550 4205 1751 4311 quis,
1795 4232 1969 4293 nos,
2010 4204 2403 4280 immutata
2440 4203 2825 4282 voluntate
2866 4220 3154 4292 nostra,
3186 4219 3313 4279 aut
3339 4202 3543 4280 ullus

702 4362 791 4410 ex
829 4335 1239 4413 heredibus
1274 4336 1550 4414 nostris
1590 4353 1719 4414 aut
1755 4334 2235 4442 propinquis,
2269 4350 2396 4411 aut
2423 4334 2580 4411 ulla
2620 4334 2951 4411 immissa
2988 4359 3343 4438 persona,
3379 4360 3544 4438 quae

700 4481 956 4542 contra
1008 4466 1424 4543 cessionem
1479 4467 1713 4572 ipsam
1768 4464 2003 4544 ullam
2050 4464 2503 4541 calumniam
2546 4490 2905 4572 generare
2955 4463 3539 4568 praesumpserit,

702 4621 856 4671 non
902 4596 970 4671 ei
1010 4595 1226 4675 liceat
1255 4597 1661 4686 vindicare,
1705 4596 1839 4675 sed
1878 4597 2188 4702 insuper
2219 4610 2624 4702 componat
2658 4609 2956 4670 tantum
2998 4608 3074 4669 et
3113 4591 3347 4671 alium
3388 4611 3549 4671 tan-

701 4743 865 4802 tum
892 4744 1255 4833 quantum
1285 4728 1445 4835 ipsa
1465 4728 1842 4807 hereditas
1875 4725 2031 4805 uilo
2063 4742 2406 4833 tempore
2440 4723 2822 4802 meliorata
2848 4722 3196 4814 valuerit,
3239 4742 3315 4802 et
3336 4726 3545 4833 quod

786 4911 807 4939 ⁶
861 4912 1135 4974 vicariam
1161 4925 1392 4974 nostram
1416 4910 1528 4975 SG.
2291 4911 2310 4941 ⁸
2359 4910 2813 4994 Capmansionilc.
2843 4958 2855 4970 .
2886 4956 2899 4970 .
2938 4911 3145 4971 mtione
3168 4907 3381 4969 desunt
3403 4909 3469 4970 Β.

791 5012 809 5040 ⁷
853 5014 1092 5075 Rosendo
1121 5015 1184 5076 B.
2290 5013 2311 5043 ’
2356 5012 2586 5074 Exffliis
2601 5010 3007 5096 Stephanihoc
3019 5009 3539 5093 interpretandum,

3179 5169 3244 5205 10
