4442 5769
957 559 1104 628 256
1973 556 2778 632 CHARTULARIUM

951 725 1430 831 proprietatis
1469 751 1655 803 meze
1693 752 1879 831 quas
1916 726 2012 802 de
2051 743 2261 833 parte
2291 728 2651 834 genitoris
2690 727 2841 804 mci
2870 726 3087 805 bonae
3116 726 3498 805 memoriae
3540 726 3796 833 domni

951 853 1257 933 Rodulfi
1297 854 1679 963 quondam
1721 857 2013 935 comitis
2050 857 2299 963 accepi
2346 887 2363 933 z
2406 856 2554 935 hoc
2593 875 2706 936 est
2737 858 2819 934 in
2853 856 3315 967 Blaugurgo⁸
3361 874 3438 935 et
3473 852 3797 936 Estivale

949 1004 1645 1093 quantumcumque
1692 986 1842 1064 visa
1892 1016 2059 1065 sum
2111 986 2391 1066 habere
2439 987 2554 1065 vel
2608 987 3024 1095 possidere,
3067 1004 3316 1068 totum
3358 1006 3434 1066 et
3468 987 3565 1065 ad
3603 988 3801 1066 inte-

949 1146 1169 1223 grum
1207 1116 1419 1195 vobis
1455 1117 1754 1224 publice
1794 1117 2039 1196 vendo
2090 1118 2209 1196 vel
2248 1119 2496 1209 trado,
2541 1119 2627 1197 id
2669 1137 2783 1198 est
2829 1118 3031 1197 illam
3082 1118 3567 1197 medietatem
3623 1147 3800 1196 cum

952 1247 1166 1335 casis,
1212 1249 1473 1335 vineis,
1515 1250 1766 1338 terris,
1808 1250 2068 1355 pratiS,
2112 1247 2342 1339 silvis,
2376 1249 2768 1340 farinariis,
2801 1250 3014 1357 aquis
3042 1277 3499 1358 aquarumve
3531 1249 3801 1327 decur-

952 1378 1193 1467 sibus,
1241 1396 1314 1455 et
1350 1378 1762 1487 mancipiis.
1800 1378 2065 1459 Vendo
2107 1380 2335 1458 etiam
2368 1378 2579 1458 vobis
2613 1381 2692 1458 in
2723 1381 2867 1459 alio
2896 1380 3099 1473 loco,
3144 1381 3222 1457 in
3261 1378 3433 1456 villa
3471 1409 3636 1488 quae
3676 1409 3803 1458 vo-

954 1525 1163 1583 catur
1202 1507 1630 1600 Aveziacus,
1674 1538 1793 1587 res
1841 1511 2319 1617 proprietatis
2357 1538 2543 1588 meas
2582 1540 2764 1619 quas
2815 1510 2910 1588 de
2951 1509 3256 1621 Sigaldo
3296 1511 3584 1617 pretio*
3623 1538 3798 1589 meo

956 1639 1410 1744 comparavi,
1445 1668 1613 1747 quae
1649 1657 1826 1718 sunt
1852 1641 1930 1717 in
1969 1669 2158 1748 pago
2191 1641 2632 1732 Caturcino,
2668 1670 2840 1719 cum
2878 1640 3130 1731 terris,
3164 1638 3364 1719 silvis
3405 1657 3482 1718 et
3520 1643 3802 1718 manci-

953 1770 1129 1875 piis,
1176 1770 1255 1847 id
1292 1787 1406 1848 est
1439 1788 2134 1880 quantumcumque
2174 1772 2257 1848 in
2294 1772 2452 1880 ipsa
2487 1771 2660 1850 villa
2695 1773 2847 1850 visa
2885 1801 3056 1851 sum
3093 1770 3372 1849 habere
3411 1770 3529 1848 vel
3566 1773 3804 1877 possi-

955 1900 1172 1990 dere,
1215 1918 1464 1979 totum
1504 1920 1579 1979 et
1625 1903 1723 1982 ad
1766 1903 2145 2013 integrum
2184 1903 2397 1983 vobis
2436 1905 2676 1982 trado.
2718 1905 2888 1981 Haec
2934 1903 3186 1983 omnia
3234 1903 3580 2009 superius
3623 1929 3802 1979 con-

955 2030 1223 2139 scripta
1252 2033 1460 2111 vobis
1488 2033 1786 2140 publice
1826 2036 2070 2114 vendo
2101 2036 2217 2114 vel
2242 2036 2495 2138 tradot,
2529 2052 2606 2112 et
2639 2036 2885 2143 accepi
2925 2063 2966 2112 a
2993 2034 3205 2113 vobis
3241 2033 3569 2141 pretium
3592 2033 3800 2139 juxta

952 2163 1163 2268 quod
1191 2163 1387 2241 inter
1408 2192 1545 2243 nos
1566 2165 1765 2243 bene
1786 2165 2237 2274 complacuit
2256 2166 2373 2244 vel
2403 2164 2859 2274 aptificatum
2884 2164 3030 2243 fuit
3053 2199 3069 2243 ε
3093 2165 3242 2243 hoc
3269 2181 3381 2242 est
3405 2180 3560 2241 tam
3589 2162 3667 2239 in
3688 2192 3804 2239 va-

953 2293 1157 2371 lente
1188 2322 1416 2402 quam
1452 2297 1533 2374 in
1567 2315 1876 2406 argento
1917 2297 2200 2377 solidos
2237 2298 2482 2388 millet,
2508 2325 2594 2377 ea
2622 2296 2973 2376 videlicet
3010 2298 3297 2374 ratione
3325 2311 3414 2373 ut
3454 2295 3647 2401 ipsas
3684 2321 3802 2370 res

951 2425 1300 2531 superius
1348 2430 1796 2533 conscriptas
1846 2458 1887 2505 a
1938 2429 2063 2506 die
2114 2428 2459 2536 praesenti
2502 2426 2873 2516 habeatis,
2914 2426 3229 2505 teneatis
3286 2443 3508 2532 atque
3566 2426 3803 2532 possi-

956 2556 1224 2643 deatis,
1268 2554 1386 2632 vel
1424 2558 1793 2664 quicquid
1824 2559 2091 2663 exinde
2123 2559 2216 2636 ab
2248 2558 2614 2637 hodierna
2646 2560 2769 2636 die
2802 2575 2880 2636 et
2905 2551 3243 2665 fempore
3277 2556 3514 2634 facere
3545 2555 3804 2633 volue-

953 2687 1145 2776 ritis,
1202 2685 1515 2763 liberam
1569 2705 1643 2765 et
1692 2687 2200 2768 firmissimam
2260 2691 2339 2767 in
2400 2689 2750 2768 omnibus
2809 2689 3146 2767 habeatis
3202 2703 3643 2794 potestatem
3695 2685 3803 2762 sa-

954 2818 1199 2895 ciendi
1229 2820 1401 2926 jure
1444 2822 1958 2928 proprietario.
1994 2823 2072 2903 Si
2105 2823 2276 2931 quis
2304 2850 2512 2912 vero,
2548 2822 2760 2932 quod
2787 2820 3133 2900 futurum
3168 2848 3327 2901 esse
3357 2847 3511 2899 non
3538 2819 3798 2906 credo,

953 2953 1013 3029 si
1061 2978 1198 3058 ego
1243 2951 1402 3058 ipsa
1439 2951 1809 3034 aut·ullus
1845 2982 1933 3031 ex
1972 2953 2387 3035 heredibus
2427 2954 2615 3033 meis
2653 2972 2786 3032 aut
2821 2951 3406 3061 proheredibus,
3452 2950 3568 3027 vel
3610 2978 3810 3057 quae-

952 3082 1138 3160 libet
1181 3084 1337 3161 ulla
1384 3084 1713 3164 immissa
1764 3114 2083 3192 persona
2131 3114 2297 3194 quae
2346 3115 2426 3164 se
2474 3085 3022 3174 intromittenS,
3079 3099 3332 3161 contra
3388 3082 3574 3159 han‘c
3627 3108 3808 3155 ven·
3871 3120 3878 3126 ·

953 3214 1318 3292 ditionem
1374 3215 1707 3323 aliquam
1773 3216 2219 3294 calumniam
2283 3234 2410 3293 aut
2471 3215 3000 3322 repetitionem
3062 3212 3338 3290 inferre
3396 3227 3806 3317 temptave-

950 3347 1076 3434 rit,
1122 3346 1333 3451 quod
1371 3348 1645 3453 repetit
1682 3345 2115 3425 nullatenus
2162 3349 2536 3424 vindicare
2584 3346 2846 3434 valeat,
2894 3346 3029 3424 sed
3072 3345 3382 3451 insuper
3421 3344 3543 3420 cui
3592 3341 3804 3419 litem

954 3476 1291 3552 intulerit
1338 3477 1501 3552 auri
1551 3477 1779 3554 libras
1816 3505 1920 3568 v1,
1965 3479 2250 3584 argenti
2291 3476 2627 3584 pondera
2665 3504 2765 3555 ιιι
2814 3493 3111 3554 coactus
3153 3474 3504 3563 exsolvat,
3551 3490 3626 3550 et
3673 3499 3806 3550 sua

951 3606 1301 3710 repetitio
1360 3607 1650 3685 nullum
1713 3608 2052 3686 obtineat
2109 3607 2497 3700 effectum,
2559 3607 2693 3685 sed
2757 3636 3080 3716 praesens
3137 3605 3470 3684 venditio
3537 3603 3803 3681 libenti

952 3738 1202 3816 animo
1255 3767 1296 3814 a
1344 3768 1467 3816 me
1522 3739 1710 3818 facta
1768 3742 1975 3818 omni
2024 3758 2367 3846 tempore
2417 3741 2636 3816 firma
2697 3756 2770 3816 et
2815 3739 3583 3844 stabilis·permaneat
3630 3763 3804 3812 cum

950 3870 1430 3975 stipulatione
1481 3872 1815 3949 subnixa.
1860 3874 2016 3978 Ego
2064 3874 2444 3949 Immena⁵
2483 3870 2676 3947 hanc
2719 3871 3231 3947 venditionem
3277 3898 3320 3945 a
3370 3897 3491 3944 me
3544 3865 3806 3943 factam

949 4002 1378 4107 subscripsi.
1433 4002 1509 4078 S,
1562 4002 1976 4080 Rotbaldi0.
2031 4003 2107 4079 S.
2164 4001 2571 4080 Arlabaldi.
2618 4004 2691 4080 S.
2743 4002 3085 4079 Frotarii.
3140 4002 3218 4079 S.
3261 3997 3802 4079 Wandalfredi.

953 4136 1028 4211 S.
1062 4133 1416 4212 BodoniS.
1451 4135 1525 4211 S.
1563 4134 1863 4241 Ugonis.
1901 4134 1974 4211 S.
2010 4133 2360 4212 Blidaldi.
2392 4135 2467 4212 S.
2501 4133 2817 4254 Edaziil.
2856 4135 2929 4211 S.
2957 4130 3337 4212 Domaldi.
3366 4132 3445 4208 S.
3478 4126 3800 4207 Ebraldi.

953 4266 1027 4340 S.
1055 4264 1484 4343 Dadramni.
1517 4264 1592 4343 S.
1623 4263 1962 4343 Airaldi⁸.
2001 4266 2075 4342 S.
2112 4264 2490 4343 Adalardi.
2526 4266 2602 4342 S.
2634 4265 3021 4343 DacconiS.
3054 4265 3129 4341 S.
3163 4260 3505 4340 Altfredi.
3543 4261 3618 4338 S.
3654 4259 3808 4338 Go-

1042 4535 1058 4564 ³
1102 4540 1417 4624 Blssnbfflyo
1446 4543 1510 4603 B·
2460 4559 2601 4614 tata,
2643 4543 2746 4605 sed
2783 4540 3104 4602 inconfecta
3144 4537 3368 4621 phrasis
3407 4554 3582 4594 sensu
3631 4538 3802 4590 caret.

1040 4637 1056 4668 ¹⁸
1102 4641 1313 4703 Patr-uo
1363 4664 1477 4704 meo
1521 4645 1587 4704 Β.
1629 4646 1697 4705 ln
1727 4649 1988 4730 margine
2020 4648 2127 4710 Ch.
2150 4648 2304 4730 forte
2541 4651 2560 4680 ⁸
2605 4647 2858 4711 Robaldi.
2891 4646 2950 4709 S.
2992 4638 3292 4706 Arlabmdi
3326 4638 3394 4700 B.
3435 4633 3804 4715 subscriptio-

948 4757 1144 4825 palrao
1173 4748 1426 4829 scripsit;
1453 4749 1626 4829 pretio
1655 4749 1787 4810 mihi
1812 4750 1925 4815 SG.
2455 4775 2557 4817 nes
2588 4754 2831 4815 omnino
2859 4749 3076 4811 desunt
3095 4745 3221 4810 Bal.

1039 4848 1057 4876 ⁵
1102 4849 1397 4923 Immatata
1425 4849 1568 4913 false
1596 4851 1710 4915 SG.
1735 4866 1794 4916 et
1817 4852 1922 4917 Ch.
1956 4855 2146 4918 Baluz.
2170 4876 2300 4939 sup·
2469 4879 2478 4890 ·
2539 4857 2558 4886 ⁷
2602 4855 2801 4918 Adoeii
2826 4853 2940 4918 SG.

952 4946 1128 5031 1³¹0*st
1163 4976 1175 5009 ²
1225 4952 1354 5033 [δ”]
1396 4979 1494 5041 ⁶90
1533 4958 1717 5043 [ip-ra,
1758 4963 2062 5044 voluntate]
2107 4960 2298 5026 imma-
2539 4959 2557 4989 ⁸
2603 4960 2831 5020 Nomen
2855 4970 3198 5039 corruptum
3228 4954 3387 5038 apud
3415 4954 3522 5017 Ch.
