<?xml version="1.0" encoding="UTF-8"?>
<!DOCTYPE html PUBLIC "-//W3C//DTD XHTML 1.0 Transitional//EN"
    "http://www.w3.org/TR/xhtml1/DTD/xhtml1-transitional.dtd">
<html xmlns="http://www.w3.org/1999/xhtml" xml:lang="en" lang="en">
 <head>
  <title>
</title>
<meta http-equiv="Content-Type" content="text/html;charset=utf-8" />
  <meta name='ocr-system' content='tesseract 3.04.00' />
  <meta name='ocr-capabilities' content='ocr_page ocr_carea ocr_par ocr_line ocrx_word'/>
</head>
<body>
  <div class='ocr_page' id='page_1' title='image "./cartulairedelab09abbegoog_0404.png"; bbox 0 0 4442 5769; ppageno 0'>
   <div class='ocr_carea' id='block_1_1' title="bbox 921 590 2746 667">
    <p class='ocr_par' dir='ltr' id='par_1_1' title="bbox 921 590 2746 667">
     <span class='ocr_line' id='line_1_1' title="bbox 921 590 2746 667; baseline -0.002 0"><span class='ocrx_word' id='word_1_1' title='bbox 921 594 1015 667; x_wconf 71' lang='lat'>84</span> <span class='ocrx_word' id='word_1_2' title='bbox 1936 590 2746 666; x_wconf 84' lang='lat' dir='ltr'><strong>CHARTULARIUM</strong></span> 
     </span>
    </p>
   </div>
   <div class='ocr_carea' id='block_1_2' title="bbox 880 761 3764 4806">
    <p class='ocr_par' dir='ltr' id='par_1_2' title="bbox 880 761 3764 4806">
     <span class='ocr_line' id='line_1_2' title="bbox 918 761 3762 870; baseline 0.002 -33"><span class='ocrx_word' id='word_1_3' title='bbox 918 781 1193 850; x_wconf 88' lang='lat' dir='ltr'>manet,</span> <span class='ocrx_word' id='word_1_4' title='bbox 1248 781 1322 840; x_wconf 92' lang='lat' dir='ltr'>et</span> <span class='ocrx_word' id='word_1_5' title='bbox 1360 764 1607 841; x_wconf 83' lang='lat' dir='ltr'>onmia</span> <span class='ocrx_word' id='word_1_6' title='bbox 1659 763 1978 870; x_wconf 76' lang='lat' dir='ltr'>quae-ibi</span> <span class='ocrx_word' id='word_1_7' title='bbox 2039 762 2426 868; x_wconf 83' lang='lat' dir='ltr'>aspiciunt.</span> <span class='ocrx_word' id='word_1_8' title='bbox 2476 761 2840 840; x_wconf 82' lang='lat' dir='ltr'>Similiter</span> <span class='ocrx_word' id='word_1_9' title='bbox 2885 761 2961 838; x_wconf 91' lang='lat' dir='ltr'>in</span> <span class='ocrx_word' id='word_1_10' title='bbox 3012 761 3159 839; x_wconf 81' lang='lat' dir='ltr'>alio</span> <span class='ocrx_word' id='word_1_11' title='bbox 3213 764 3413 853; x_wconf 76' lang='lat' dir='ltr'>ioco,</span> <span class='ocrx_word' id='word_1_12' title='bbox 3478 766 3554 842; x_wconf 89' lang='lat' dir='ltr'>in</span> <span class='ocrx_word' id='word_1_13' title='bbox 3593 767 3762 844; x_wconf 82' lang='lat' dir='ltr'>villa</span> 
     </span>
     <span class='ocr_line' id='line_1_3' title="bbox 915 893 3762 998; baseline 0.001 -28"><span class='ocrx_word' id='word_1_14' title='bbox 915 894 1294 981; x_wconf 85' lang='lat' dir='ltr'>Montilio,</span> <span class='ocrx_word' id='word_1_15' title='bbox 1350 924 1689 971; x_wconf 87' lang='lat' dir='ltr'>mansum</span> <span class='ocrx_word' id='word_1_16' title='bbox 1748 893 1877 972; x_wconf 92' lang='lat' dir='ltr'>ubi</span> <span class='ocrx_word' id='word_1_17' title='bbox 1940 894 2383 972; x_wconf 77' lang='lat' dir='ltr'>Gatmirus¹⁸</span> <span class='ocrx_word' id='word_1_18' title='bbox 2441 910 2721 980; x_wconf 88' lang='lat' dir='ltr'>manet,</span> <span class='ocrx_word' id='word_1_19' title='bbox 2777 909 2852 968; x_wconf 88' lang='lat' dir='ltr'>et</span> <span class='ocrx_word' id='word_1_20' title='bbox 2899 910 3260 998; x_wconf 88' lang='lat' dir='ltr'>quantum</span> <span class='ocrx_word' id='word_1_21' title='bbox 3320 895 3422 972; x_wconf 86' lang='lat' dir='ltr'>ibi</span> <span class='ocrx_word' id='word_1_22' title='bbox 3484 895 3762 975; x_wconf 89' lang='lat' dir='ltr'>habere</span> 
     </span>
     <span class='ocr_line' id='line_1_4' title="bbox 913 1024 3764 1130; baseline 0.001 -30"><span class='ocrx_word' id='word_1_23' title='bbox 913 1024 1194 1101; x_wconf 84' lang='lat' dir='ltr'>videor.</span> <span class='ocrx_word' id='word_1_24' title='bbox 1256 1026 1349 1101; x_wconf 86' lang='lat' dir='ltr'>Et</span> <span class='ocrx_word' id='word_1_25' title='bbox 1393 1026 1469 1101; x_wconf 92' lang='lat' dir='ltr'>in</span> <span class='ocrx_word' id='word_1_26' title='bbox 1522 1025 1667 1101; x_wconf 81' lang='lat' dir='ltr'>alio</span> <span class='ocrx_word' id='word_1_27' title='bbox 1717 1025 1884 1101; x_wconf 84' lang='lat' dir='ltr'>loco</span> <span class='ocrx_word' id='word_1_28' title='bbox 1940 1024 2068 1130; x_wconf 91' lang='lat' dir='ltr'>qui</span> <span class='ocrx_word' id='word_1_29' title='bbox 2125 1040 2427 1100; x_wconf 86' lang='lat' dir='ltr'>vocatur</span> <span class='ocrx_word' id='word_1_30' title='bbox 2475 1025 2929 1128; x_wconf 88' lang='lat' dir='ltr'>Tresgonus,</span> <span class='ocrx_word' id='word_1_31' title='bbox 2987 1053 3158 1101; x_wconf 89' lang='lat' dir='ltr'>cum</span> <span class='ocrx_word' id='word_1_32' title='bbox 3212 1026 3367 1130; x_wconf 92' lang='lat' dir='ltr'>ipsa</span> <span class='ocrx_word' id='word_1_33' title='bbox 3424 1027 3629 1115; x_wconf 87' lang='lat' dir='ltr'>silva,</span> <span class='ocrx_word' id='word_1_34' title='bbox 3693 1047 3764 1104; x_wconf 91' lang='lat' dir='ltr'>et</span> 
     </span>
     <span class='ocr_line' id='line_1_5' title="bbox 914 1153 3761 1266; baseline 0.001 -34"><span class='ocrx_word' id='word_1_35' title='bbox 914 1174 1278 1261; x_wconf 88' lang='lat' dir='ltr'>quantum</span> <span class='ocrx_word' id='word_1_36' title='bbox 1330 1156 1432 1234; x_wconf 89' lang='lat' dir='ltr'>ibi</span> <span class='ocrx_word' id='word_1_37' title='bbox 1496 1184 1656 1231; x_wconf 87' lang='lat' dir='ltr'>mea</span> <span class='ocrx_word' id='word_1_38' title='bbox 1698 1155 2023 1232; x_wconf 86' lang='lat' dir='ltr'>cernitur</span> <span class='ocrx_word' id='word_1_39' title='bbox 2061 1182 2217 1231; x_wconf 89' lang='lat' dir='ltr'>esse</span> <span class='ocrx_word' id='word_1_40' title='bbox 2262 1154 2653 1260; x_wconf 78' lang='lat' dir='ltr'>possessio,</span> <span class='ocrx_word' id='word_1_41' title='bbox 2703 1153 3065 1231; x_wconf 85' lang='lat' dir='ltr'>Similiter</span> <span class='ocrx_word' id='word_1_42' title='bbox 3112 1156 3188 1231; x_wconf 91' lang='lat' dir='ltr'>in</span> <span class='ocrx_word' id='word_1_43' title='bbox 3231 1155 3377 1233; x_wconf 86' lang='lat' dir='ltr'>alio</span> <span class='ocrx_word' id='word_1_44' title='bbox 3424 1156 3593 1236; x_wconf 84' lang='lat' dir='ltr'>loco</span> <span class='ocrx_word' id='word_1_45' title='bbox 3633 1161 3761 1266; x_wconf 85' lang='lat' dir='ltr'>qui</span> 
     </span>
     <span class='ocr_line' id='line_1_6' title="bbox 918 1283 3759 1381; baseline 0.001 -20"><span class='ocrx_word' id='word_1_46' title='bbox 918 1304 1213 1363; x_wconf 86' lang='lat' dir='ltr'>vocatur</span> <span class='ocrx_word' id='word_1_47' title='bbox 1239 1287 1514 1375; x_wconf 73' lang='lat' dir='ltr'>Titius,</span> <span class='ocrx_word' id='word_1_48' title='bbox 1560 1315 1903 1363; x_wconf 89' lang='lat' dir='ltr'>mansum</span> <span class='ocrx_word' id='word_1_49' title='bbox 1936 1284 2067 1362; x_wconf 88' lang='lat' dir='ltr'>ubi</span> <span class='ocrx_word' id='word_1_50' title='bbox 2101 1283 2469 1363; x_wconf 83' lang='lat' dir='ltr'>Geraldus</span> <span class='ocrx_word' id='word_1_51' title='bbox 2499 1284 2693 1361; x_wconf 90' lang='lat' dir='ltr'>visus</span> <span class='ocrx_word' id='word_1_52' title='bbox 2736 1302 2847 1360; x_wconf 90' lang='lat' dir='ltr'>est</span> <span class='ocrx_word' id='word_1_53' title='bbox 2878 1314 3176 1362; x_wconf 89' lang='lat' dir='ltr'>manere</span> <span class='ocrx_word' id='word_1_54' title='bbox 3197 1347 3214 1373; x_wconf 90' lang='lat'>,</span> <span class='ocrx_word' id='word_1_55' title='bbox 3250 1317 3423 1364; x_wconf 93' lang='lat' dir='ltr'>cum</span> <span class='ocrx_word' id='word_1_56' title='bbox 3453 1291 3759 1381; x_wconf 52' lang='lat' dir='ltr'>ten-ish,</span> 
     </span>
     <span class='ocr_line' id='line_1_7' title="bbox 916 1400 3759 1526; baseline 0.001 -33"><span class='ocrx_word' id='word_1_57' title='bbox 916 1415 1148 1506; x_wconf 91' lang='lat' dir='ltr'>silvis,</span> <span class='ocrx_word' id='word_1_58' title='bbox 1172 1400 1677 1507; x_wconf 69' lang='lat' dir='ltr'>molendinis,</span> <span class='ocrx_word' id='word_1_59' title='bbox 1722 1434 1797 1493; x_wconf 87' lang='lat' dir='ltr'>et</span> <span class='ocrx_word' id='word_1_60' title='bbox 1825 1415 2173 1495; x_wconf 89' lang='lat' dir='ltr'>omnibus</span> <span class='ocrx_word' id='word_1_61' title='bbox 2208 1416 2304 1491; x_wconf 87' lang='lat' dir='ltr'>ad</span> <span class='ocrx_word' id='word_1_62' title='bbox 2337 1444 2415 1491; x_wconf 88' lang='lat' dir='ltr'>se</span> <span class='ocrx_word' id='word_1_63' title='bbox 2447 1416 3008 1520; x_wconf 65' lang='lat' dir='ltr'>pertinentibus</span> <span class='ocrx_word' id='word_1_64' title='bbox 3044 1417 3137 1492; x_wconf 91' lang='lat' dir='ltr'>Et</span> <span class='ocrx_word' id='word_1_65' title='bbox 3163 1417 3239 1492; x_wconf 90' lang='lat' dir='ltr'>in</span> <span class='ocrx_word' id='word_1_66' title='bbox 3271 1417 3413 1495; x_wconf 85' lang='lat' dir='ltr'>alio</span> <span class='ocrx_word' id='word_1_67' title='bbox 3446 1419 3612 1496; x_wconf 87' lang='lat' dir='ltr'>loco</span> <span class='ocrx_word' id='word_1_68' title='bbox 3633 1423 3759 1526; x_wconf 89' lang='lat' dir='ltr'>qui</span> 
     </span>
     <span class='ocr_line' id='line_1_8' title="bbox 913 1544 3763 1637; baseline 0.002 -15"><span class='ocrx_word' id='word_1_69' title='bbox 913 1566 1218 1625; x_wconf 88' lang='lat' dir='ltr'>vocatur</span> <span class='ocrx_word' id='word_1_70' title='bbox 1247 1548 1609 1637; x_wconf 84' lang='lat' dir='ltr'>Soliolus,</span> <span class='ocrx_word' id='word_1_71' title='bbox 1645 1576 1986 1624; x_wconf 88' lang='lat' dir='ltr'>mansum</span> <span class='ocrx_word' id='word_1_72' title='bbox 2028 1546 2156 1624; x_wconf 90' lang='lat' dir='ltr'>ubi</span> <span class='ocrx_word' id='word_1_73' title='bbox 2199 1544 2588 1623; x_wconf 88' lang='lat' dir='ltr'>Adalricus</span> <span class='ocrx_word' id='word_1_74' title='bbox 2618 1564 2901 1636; x_wconf 90' lang='lat' dir='ltr'>manet,</span> <span class='ocrx_word' id='word_1_75' title='bbox 2939 1576 3277 1624; x_wconf 89' lang='lat' dir='ltr'>mansum</span> <span class='ocrx_word' id='word_1_76' title='bbox 3299 1548 3428 1625; x_wconf 90' lang='lat' dir='ltr'>ubi</span> <span class='ocrx_word' id='word_1_77' title='bbox 3453 1550 3763 1628; x_wconf 49' lang='lat' dir='ltr'>Bartho*</span> 
     </span>
     <span class='ocr_line' id='line_1_9' title="bbox 915 1676 3762 1769; baseline 0.002 -16"><span class='ocrx_word' id='word_1_78' title='bbox 915 1677 1209 1756; x_wconf 89' lang='lat' dir='ltr'>lomeus</span> <span class='ocrx_word' id='word_1_79' title='bbox 1249 1697 1530 1769; x_wconf 89' lang='lat' dir='ltr'>manet,</span> <span class='ocrx_word' id='word_1_80' title='bbox 1585 1708 1932 1755; x_wconf 85' lang='lat' dir='ltr'>mansum</span> <span class='ocrx_word' id='word_1_81' title='bbox 1988 1677 2119 1754; x_wconf 86' lang='lat' dir='ltr'>ubi</span> <span class='ocrx_word' id='word_1_82' title='bbox 2170 1676 2616 1754; x_wconf 86' lang='lat' dir='ltr'>Benedictus</span> <span class='ocrx_word' id='word_1_83' title='bbox 2667 1695 2948 1766; x_wconf 87' lang='lat' dir='ltr'>manet,</span> <span class='ocrx_word' id='word_1_84' title='bbox 3003 1707 3350 1757; x_wconf 87' lang='lat' dir='ltr'>mansum</span> <span class='ocrx_word' id='word_1_85' title='bbox 3391 1680 3521 1757; x_wconf 85' lang='lat' dir='ltr'>ubi</span> <span class='ocrx_word' id='word_1_86' title='bbox 3564 1684 3762 1761; x_wconf 85' lang='lat' dir='ltr'>Teo—</span> 
     </span>
     <span class='ocr_line' id='line_1_10' title="bbox 913 1807 3758 1915; baseline 0.002 -32"><span class='ocrx_word' id='word_1_87' title='bbox 913 1808 1187 1886; x_wconf 89' lang='lat' dir='ltr'>dradus</span> <span class='ocrx_word' id='word_1_88' title='bbox 1227 1827 1505 1887; x_wconf 87' lang='lat' dir='ltr'>manet.</span> <span class='ocrx_word' id='word_1_89' title='bbox 1545 1811 1657 1887; x_wconf 91' lang='lat' dir='ltr'>De</span> <span class='ocrx_word' id='word_1_90' title='bbox 1701 1809 2089 1915; x_wconf 79' lang='lat' dir='ltr'>mancipiis</span> <span class='ocrx_word' id='word_1_91' title='bbox 2123 1808 2241 1885; x_wconf 85' lang='lat' dir='ltr'>his</span> <span class='ocrx_word' id='word_1_92' title='bbox 2282 1807 2716 1885; x_wconf 90' lang='lat' dir='ltr'>nominibus</span> <span class='ocrx_word' id='word_1_93' title='bbox 2759 1841 2775 1885; x_wconf 77' lang='lat' dir='ltr'><em>z</em></span> <span class='ocrx_word' id='word_1_94' title='bbox 2812 1808 3259 1885; x_wconf 85' lang='lat' dir='ltr'>Benedictus</span> <span class='ocrx_word' id='word_1_95' title='bbox 3291 1828 3366 1886; x_wconf 87' lang='lat' dir='ltr'>et</span> <span class='ocrx_word' id='word_1_96' title='bbox 3403 1840 3591 1888; x_wconf 81' lang='lat' dir='ltr'>uxor</span> <span class='ocrx_word' id='word_1_97' title='bbox 3629 1842 3758 1890; x_wconf 88' lang='lat' dir='ltr'>sua</span> 
     </span>
     <span class='ocr_line' id='line_1_11' title="bbox 913 1937 3762 2049; baseline 0.001 -34"><span class='ocrx_word' id='word_1_98' title='bbox 913 1969 1084 2016; x_wconf 88' lang='lat' dir='ltr'>cum</span> <span class='ocrx_word' id='word_1_99' title='bbox 1127 1940 1281 2016; x_wconf 81' lang='lat' dir='ltr'>filia</span> <span class='ocrx_word' id='word_1_100' title='bbox 1321 1969 1501 2029; x_wconf 89' lang='lat' dir='ltr'>una,</span> <span class='ocrx_word' id='word_1_101' title='bbox 1547 1941 1929 2049; x_wconf 86' lang='lat' dir='ltr'>Benjamin</span> <span class='ocrx_word' id='word_1_102' title='bbox 1981 1957 2054 2015; x_wconf 89' lang='lat' dir='ltr'>et</span> <span class='ocrx_word' id='word_1_103' title='bbox 2091 1967 2278 2017; x_wconf 83' lang='lat' dir='ltr'>uxor</span> <span class='ocrx_word' id='word_1_104' title='bbox 2330 1967 2466 2016; x_wconf 80' lang='lat' dir='ltr'>sua</span> <span class='ocrx_word' id='word_1_105' title='bbox 2506 1968 2676 2015; x_wconf 89' lang='lat' dir='ltr'>cum</span> <span class='ocrx_word' id='word_1_106' title='bbox 2715 1937 2907 2028; x_wconf 84' lang='lat' dir='ltr'>filio,</span> <span class='ocrx_word' id='word_1_107' title='bbox 2946 1938 3422 2018; x_wconf 82' lang='lat' dir='ltr'>Gerbertus¹⁵</span> <span class='ocrx_word' id='word_1_108' title='bbox 3462 1960 3535 2018; x_wconf 88' lang='lat' dir='ltr'>et</span> <span class='ocrx_word' id='word_1_109' title='bbox 3573 1972 3762 2021; x_wconf 80' lang='lat' dir='ltr'>uxor</span> 
     </span>
     <span class='ocr_line' id='line_1_12' title="bbox 908 2070 3759 2161; baseline 0 -12"><span class='ocrx_word' id='word_1_110' title='bbox 908 2100 1075 2160; x_wconf 88' lang='lat' dir='ltr'>sua,</span> <span class='ocrx_word' id='word_1_111' title='bbox 1128 2102 1314 2150; x_wconf 85' lang='lat' dir='ltr'>uxor</span> <span class='ocrx_word' id='word_1_112' title='bbox 1351 2072 1723 2161; x_wconf 80' lang='lat' dir='ltr'>Odolrici,</span> <span class='ocrx_word' id='word_1_113' title='bbox 1765 2072 2071 2150; x_wconf 87' lang='lat' dir='ltr'>nomine</span> <span class='ocrx_word' id='word_1_114' title='bbox 2115 2070 2509 2159; x_wconf 85' lang='lat' dir='ltr'>Anneldis,</span> <span class='ocrx_word' id='word_1_115' title='bbox 2570 2098 2742 2147; x_wconf 89' lang='lat' dir='ltr'>cum</span> <span class='ocrx_word' id='word_1_116' title='bbox 2791 2070 3197 2147; x_wconf 83' lang='lat' dir='ltr'>infantibus</span> <span class='ocrx_word' id='word_1_117' title='bbox 3245 2071 3519 2160; x_wconf 87' lang='lat' dir='ltr'>tribus,</span> <span class='ocrx_word' id='word_1_118' title='bbox 3571 2075 3759 2151; x_wconf 86' lang='lat' dir='ltr'>Lan-</span> 
     </span>
     <span class='ocr_line' id='line_1_13' title="bbox 910 2200 3758 2293; baseline 0.001 -14"><span class='ocrx_word' id='word_1_119' title='bbox 910 2202 1161 2280; x_wconf 89' lang='lat' dir='ltr'>dricus</span> <span class='ocrx_word' id='word_1_120' title='bbox 1183 2222 1258 2281; x_wconf 89' lang='lat' dir='ltr'>et</span> <span class='ocrx_word' id='word_1_121' title='bbox 1276 2233 1462 2283; x_wconf 81' lang='lat' dir='ltr'>uxor</span> <span class='ocrx_word' id='word_1_122' title='bbox 1486 2232 1618 2281; x_wconf 89' lang='lat' dir='ltr'>sua</span> <span class='ocrx_word' id='word_1_123' title='bbox 1641 2231 1811 2279; x_wconf 90' lang='lat' dir='ltr'>cum</span> <span class='ocrx_word' id='word_1_124' title='bbox 1839 2200 1990 2278; x_wconf 82' lang='lat' dir='ltr'>filia</span> <span class='ocrx_word' id='word_1_125' title='bbox 2016 2229 2193 2290; x_wconf 90' lang='lat' dir='ltr'>una,</span> <span class='ocrx_word' id='word_1_126' title='bbox 2220 2230 2408 2278; x_wconf 82' lang='lat' dir='ltr'>uxor</span> <span class='ocrx_word' id='word_1_127' title='bbox 2431 2200 2741 2278; x_wconf 82' lang='lat' dir='ltr'>Aliberti</span> <span class='ocrx_word' id='word_1_128' title='bbox 2758 2262 2775 2290; x_wconf 94' lang='lat'>,</span> <span class='ocrx_word' id='word_1_129' title='bbox 2802 2202 3109 2278; x_wconf 89' lang='lat' dir='ltr'>nomine</span> <span class='ocrx_word' id='word_1_130' title='bbox 3130 2204 3528 2280; x_wconf 85' lang='lat' dir='ltr'>Benedicta</span> <span class='ocrx_word' id='word_1_131' title='bbox 3547 2265 3564 2293; x_wconf 91' lang='lat'>,</span> <span class='ocrx_word' id='word_1_132' title='bbox 3590 2234 3758 2282; x_wconf 90' lang='lat' dir='ltr'>cum</span> 
     </span>
     <span class='ocr_line' id='line_1_14' title="bbox 906 2332 3757 2424; baseline 0.001 -14"><span class='ocrx_word' id='word_1_133' title='bbox 906 2334 1317 2412; x_wconf 82' lang='lat' dir='ltr'>infantibus</span> <span class='ocrx_word' id='word_1_134' title='bbox 1385 2336 1568 2424; x_wconf 89' lang='lat' dir='ltr'>suis,</span> <span class='ocrx_word' id='word_1_135' title='bbox 1622 2333 1938 2410; x_wconf 83' lang='lat' dir='ltr'>infantes</span> <span class='ocrx_word' id='word_1_136' title='bbox 1980 2332 2331 2409; x_wconf 90' lang='lat' dir='ltr'>Eimerici</span> <span class='ocrx_word' id='word_1_137' title='bbox 2374 2349 2557 2424; x_wconf 87' lang='lat' dir='ltr'>tres,</span> <span class='ocrx_word' id='word_1_138' title='bbox 2605 2332 3046 2410; x_wconf 79' lang='lat' dir='ltr'>Dor‘ninicus</span> <span class='ocrx_word' id='word_1_139' title='bbox 3085 2349 3160 2409; x_wconf 86' lang='lat' dir='ltr'>et</span> <span class='ocrx_word' id='word_1_140' title='bbox 3199 2362 3384 2410; x_wconf 84' lang='lat' dir='ltr'>uxor</span> <span class='ocrx_word' id='word_1_141' title='bbox 3416 2363 3548 2411; x_wconf 89' lang='lat' dir='ltr'>sua</span> <span class='ocrx_word' id='word_1_142' title='bbox 3588 2356 3757 2413; x_wconf 81' lang='lat' dir='ltr'>cu‘m</span> 
     </span>
     <span class='ocr_line' id='line_1_15' title="bbox 906 2462 3753 2569; baseline 0.001 -30"><span class='ocrx_word' id='word_1_143' title='bbox 906 2465 1343 2553; x_wconf 83' lang='lat' dir='ltr'>infantibus,</span> <span class='ocrx_word' id='word_1_144' title='bbox 1404 2465 1719 2541; x_wconf 86' lang='lat' dir='ltr'>infantes</span> <span class='ocrx_word' id='word_1_145' title='bbox 1769 2462 2184 2545; x_wconf 83' lang='lat' dir='ltr'>Gunaberti</span> <span class='ocrx_word' id='word_1_146' title='bbox 2224 2480 2396 2540; x_wconf 79' lang='lat' dir='ltr'>tres,</span> <span class='ocrx_word' id='word_1_147' title='bbox 2450 2465 2621 2539; x_wconf 83' lang='lat' dir='ltr'>Haec</span> <span class='ocrx_word' id='word_1_148' title='bbox 2661 2462 2915 2539; x_wconf 85' lang='lat' dir='ltr'>omnia</span> <span class='ocrx_word' id='word_1_149' title='bbox 2955 2465 3297 2569; x_wconf 89' lang='lat' dir='ltr'>superius</span> <span class='ocrx_word' id='word_1_150' title='bbox 3345 2466 3753 2556; x_wconf 86' lang='lat' dir='ltr'>nominata,</span> 
     </span>
     <span class='ocr_line' id='line_1_16' title="bbox 906 2593 3757 2704; baseline 0.002 -35"><span class='ocrx_word' id='word_1_151' title='bbox 906 2622 1076 2670; x_wconf 91' lang='lat' dir='ltr'>cum</span> <span class='ocrx_word' id='word_1_152' title='bbox 1153 2595 1536 2685; x_wconf 75' lang='lat' dir='ltr'>domibuS,</span> <span class='ocrx_word' id='word_1_153' title='bbox 1594 2594 1953 2683; x_wconf 75' lang='lat' dir='ltr'>aedificiis,</span> <span class='ocrx_word' id='word_1_154' title='bbox 2013 2593 2433 2699; x_wconf 85' lang='lat' dir='ltr'>pomiferis,</span> <span class='ocrx_word' id='word_1_155' title='bbox 2493 2595 2754 2685; x_wconf 87' lang='lat' dir='ltr'>vineis,</span> <span class='ocrx_word' id='word_1_156' title='bbox 2809 2595 3069 2701; x_wconf 75' lang='lat' dir='ltr'>pratiS‚</span> <span class='ocrx_word' id='word_1_157' title='bbox 3124 2594 3357 2685; x_wconf 78' lang='lat' dir='ltr'>silviS,</span> <span class='ocrx_word' id='word_1_158' title='bbox 3418 2597 3757 2704; x_wconf 89' lang='lat' dir='ltr'>adjacen-</span> 
     </span>
     <span class='ocr_line' id='line_1_17' title="bbox 903 2724 3748 2833; baseline 0.002 -32"><span class='ocrx_word' id='word_1_159' title='bbox 903 2724 1059 2814; x_wconf 91' lang='lat' dir='ltr'>tiis,</span> <span class='ocrx_word' id='word_1_160' title='bbox 1107 2727 1320 2803; x_wconf 87' lang='lat' dir='ltr'>terris</span> <span class='ocrx_word' id='word_1_161' title='bbox 1361 2726 1577 2806; x_wconf 87' lang='lat' dir='ltr'>cultis</span> <span class='ocrx_word' id='word_1_162' title='bbox 1628 2744 1703 2803; x_wconf 87' lang='lat' dir='ltr'>et</span> <span class='ocrx_word' id='word_1_163' title='bbox 1755 2724 2086 2814; x_wconf 88' lang='lat' dir='ltr'>incultis,</span> <span class='ocrx_word' id='word_1_164' title='bbox 2140 2725 2462 2830; x_wconf 89' lang='lat' dir='ltr'>pascuis,</span> <span class='ocrx_word' id='word_1_165' title='bbox 2516 2726 2730 2832; x_wconf 90' lang='lat' dir='ltr'>aquis</span> <span class='ocrx_word' id='word_1_166' title='bbox 2784 2755 3229 2833; x_wconf 83' lang='lat' dir='ltr'>aquarumve</span> <span class='ocrx_word' id='word_1_167' title='bbox 3284 2728 3748 2819; x_wconf 74' lang='lat' dir='ltr'>decursibuS,</span> 
     </span>
     <span class='ocr_line' id='line_1_18' title="bbox 905 2856 3757 2966; baseline 0.002 -33"><span class='ocrx_word' id='word_1_168' title='bbox 905 2858 1387 2949; x_wconf 78' lang='lat' dir='ltr'>molendiniS‚</span> <span class='ocrx_word' id='word_1_169' title='bbox 1432 2859 1756 2966; x_wconf 81' lang='lat' dir='ltr'>quaesitis</span> <span class='ocrx_word' id='word_1_170' title='bbox 1797 2876 1872 2935; x_wconf 88' lang='lat' dir='ltr'>et</span> <span class='ocrx_word' id='word_1_171' title='bbox 1908 2856 2510 2964; x_wconf 88' lang='lat' dir='ltr'>adinquirendis,</span> <span class='ocrx_word' id='word_1_172' title='bbox 2555 2858 2945 2964; x_wconf 84' lang='lat' dir='ltr'>mancipiis</span> <span class='ocrx_word' id='word_1_173' title='bbox 2983 2860 3635 2965; x_wconf 87' lang='lat' dir='ltr'>supranominatis,</span> <span class='ocrx_word' id='word_1_174' title='bbox 3682 2880 3757 2940; x_wconf 87' lang='lat' dir='ltr'>et</span> 
     </span>
     <span class='ocr_line' id='line_1_19' title="bbox 905 2990 3757 3099; baseline 0.001 -32"><span class='ocrx_word' id='word_1_175' title='bbox 905 3009 1592 3098; x_wconf 88' lang='lat' dir='ltr'>quantumcumque</span> <span class='ocrx_word' id='word_1_176' title='bbox 1636 2991 1730 3068; x_wconf 88' lang='lat' dir='ltr'>ad</span> <span class='ocrx_word' id='word_1_177' title='bbox 1768 2991 1926 3096; x_wconf 88' lang='lat' dir='ltr'>ipsa</span> <span class='ocrx_word' id='word_1_178' title='bbox 1972 2990 2132 3067; x_wconf 83' lang='lat' dir='ltr'>loca</span> <span class='ocrx_word' id='word_1_179' title='bbox 2167 2992 2498 3096; x_wconf 85' lang='lat' dir='ltr'>pertinet</span> <span class='ocrx_word' id='word_1_180' title='bbox 2556 3004 2632 3066; x_wconf 87' lang='lat' dir='ltr'>et</span> <span class='ocrx_word' id='word_1_181' title='bbox 2679 3019 2846 3067; x_wconf 90' lang='lat' dir='ltr'>mea</span> <span class='ocrx_word' id='word_1_182' title='bbox 2886 2991 3213 3067; x_wconf 86' lang='lat' dir='ltr'>cernitur</span> <span class='ocrx_word' id='word_1_183' title='bbox 3271 3020 3430 3068; x_wconf 90' lang='lat' dir='ltr'>esse</span> <span class='ocrx_word' id='word_1_184' title='bbox 3471 3019 3757 3099; x_wconf 86' lang='lat' dir='ltr'>posses-</span> 
     </span>
     <span class='ocr_line' id='line_1_20' title="bbox 901 3121 3754 3230; baseline 0 -30"><span class='ocrx_word' id='word_1_185' title='bbox 901 3125 1044 3213; x_wconf 87' lang='lat' dir='ltr'>sio,</span> <span class='ocrx_word' id='word_1_186' title='bbox 1094 3142 1341 3201; x_wconf 86' lang='lat' dir='ltr'>totum</span> <span class='ocrx_word' id='word_1_187' title='bbox 1399 3141 1474 3201; x_wconf 86' lang='lat' dir='ltr'>et</span> <span class='ocrx_word' id='word_1_188' title='bbox 1523 3124 1618 3201; x_wconf 89' lang='lat' dir='ltr'>ad</span> <span class='ocrx_word' id='word_1_189' title='bbox 1675 3124 2081 3230; x_wconf 84' lang='lat' dir='ltr'>integrum,</span> <span class='ocrx_word' id='word_1_190' title='bbox 2142 3150 2183 3197; x_wconf 90' lang='lat' dir='ltr'>a</span> <span class='ocrx_word' id='word_1_191' title='bbox 2227 3122 2349 3199; x_wconf 90' lang='lat' dir='ltr'>die</span> <span class='ocrx_word' id='word_1_192' title='bbox 2387 3121 2765 3228; x_wconf 82' lang='lat' dir='ltr'>praesenti,</span> <span class='ocrx_word' id='word_1_193' title='bbox 2809 3121 3046 3199; x_wconf 85' lang='lat' dir='ltr'>libera</span> <span class='ocrx_word' id='word_1_194' title='bbox 3086 3140 3339 3200; x_wconf 86' lang='lat' dir='ltr'>mente</span> <span class='ocrx_word' id='word_1_195' title='bbox 3376 3143 3754 3230; x_wconf 85' lang='lat' dir='ltr'>prompta·</span> 
     </span>
     <span class='ocr_line' id='line_1_21' title="bbox 899 3250 3753 3362; baseline -0.001 -30"><span class='ocrx_word' id='word_1_196' title='bbox 899 3285 1048 3362; x_wconf 91' lang='lat' dir='ltr'>que</span> <span class='ocrx_word' id='word_1_197' title='bbox 1078 3256 1493 3344; x_wconf 80' lang='lat' dir='ltr'>voluntate,</span> <span class='ocrx_word' id='word_1_198' title='bbox 1536 3256 1699 3332; x_wconf 89' lang='lat' dir='ltr'>Deo</span> <span class='ocrx_word' id='word_1_199' title='bbox 1739 3253 2071 3333; x_wconf 84' lang='lat' dir='ltr'>salvatori</span> <span class='ocrx_word' id='word_1_200' title='bbox 2114 3254 2453 3332; x_wconf 90' lang='lat' dir='ltr'>omnium</span> <span class='ocrx_word' id='word_1_201' title='bbox 2499 3272 2572 3329; x_wconf 91' lang='lat' dir='ltr'>et</span> <span class='ocrx_word' id='word_1_202' title='bbox 2613 3254 2687 3330; x_wconf 90' lang='lat' dir='ltr'>S.</span> <span class='ocrx_word' id='word_1_203' title='bbox 2733 3253 2951 3329; x_wconf 85' lang='lat' dir='ltr'>Petro</span> <span class='ocrx_word' id='word_1_204' title='bbox 2999 3269 3073 3328; x_wconf 87' lang='lat' dir='ltr'>et</span> <span class='ocrx_word' id='word_1_205' title='bbox 3109 3250 3271 3330; x_wconf 86' lang='lat' dir='ltr'>aliis</span> <span class='ocrx_word' id='word_1_206' title='bbox 3309 3255 3577 3330; x_wconf 85' lang='lat' dir='ltr'>sanctis</span> <span class='ocrx_word' id='word_1_207' title='bbox 3613 3253 3753 3329; x_wconf 86' lang='lat' dir='ltr'>ibi-</span> 
     </span>
     <span class='ocr_line' id='line_1_22' title="bbox 900 3382 3749 3494; baseline -0 -31"><span class='ocrx_word' id='word_1_208' title='bbox 900 3388 1075 3463; x_wconf 89' lang='lat' dir='ltr'>dem</span> <span class='ocrx_word' id='word_1_209' title='bbox 1116 3383 1705 3494; x_wconf 86' lang='lat' dir='ltr'>quiescentibus,</span> <span class='ocrx_word' id='word_1_210' title='bbox 1764 3385 1857 3461; x_wconf 92' lang='lat' dir='ltr'>ad</span> <span class='ocrx_word' id='word_1_211' title='bbox 1905 3384 2440 3461; x_wconf 85' lang='lat' dir='ltr'>monasterium</span> <span class='ocrx_word' id='word_1_212' title='bbox 2481 3385 2608 3490; x_wconf 90' lang='lat' dir='ltr'>qui</span> <span class='ocrx_word' id='word_1_213' title='bbox 2652 3400 2951 3460; x_wconf 89' lang='lat' dir='ltr'>vocatur</span> <span class='ocrx_word' id='word_1_214' title='bbox 3004 3382 3495 3474; x_wconf 85' lang='lat' dir='ltr'>Belluslocus,</span> <span class='ocrx_word' id='word_1_215' title='bbox 3555 3413 3749 3462; x_wconf 86' lang='lat' dir='ltr'>novo</span> 
     </span>
     <span class='ocr_line' id='line_1_23' title="bbox 898 3512 3752 3622; baseline -0.001 -28"><span class='ocrx_word' id='word_1_216' title='bbox 898 3545 1128 3622; x_wconf 91' lang='lat' dir='ltr'>opere</span> <span class='ocrx_word' id='word_1_217' title='bbox 1168 3532 1711 3606; x_wconf 84' lang='lat' dir='ltr'>constructum,</span> <span class='ocrx_word' id='word_1_218' title='bbox 1748 3514 1875 3593; x_wconf 93' lang='lat' dir='ltr'>ubi</span> <span class='ocrx_word' id='word_1_219' title='bbox 1906 3514 2016 3591; x_wconf 82' lang='lat' dir='ltr'>vir</span> <span class='ocrx_word' id='word_1_220' title='bbox 2041 3513 2483 3592; x_wconf 85' lang='lat' dir='ltr'>venerabilis</span> <span class='ocrx_word' id='word_1_221' title='bbox 2513 3513 2896 3594; x_wconf 78' lang='lat' dir='ltr'>Gairulsus</span> <span class='ocrx_word' id='word_1_222' title='bbox 2936 3512 3164 3591; x_wconf 88' lang='lat' dir='ltr'>abbas</span> <span class='ocrx_word' id='word_1_223' title='bbox 3191 3542 3504 3620; x_wconf 63' lang='lat' dir='ltr'>praeesse</span> <span class='ocrx_word' id='word_1_224' title='bbox 3549 3514 3752 3591; x_wconf 90' lang='lat' dir='ltr'>vide-</span> 
     </span>
     <span class='ocr_line' id='line_1_24' title="bbox 894 3644 3747 3752; baseline 0 -29"><span class='ocrx_word' id='word_1_225' title='bbox 894 3665 1040 3737; x_wconf 88' lang='lat' dir='ltr'>tur,</span> <span class='ocrx_word' id='word_1_226' title='bbox 1091 3648 1402 3724; x_wconf 83' lang='lat' dir='ltr'>devotus</span> <span class='ocrx_word' id='word_1_227' title='bbox 1443 3646 1711 3736; x_wconf 85' lang='lat' dir='ltr'>offero,</span> <span class='ocrx_word' id='word_1_228' title='bbox 1750 3646 1825 3722; x_wconf 89' lang='lat' dir='ltr'>in</span> <span class='ocrx_word' id='word_1_229' title='bbox 1865 3644 2251 3752; x_wconf 84' lang='lat' dir='ltr'>stipendiis</span> <span class='ocrx_word' id='word_1_230' title='bbox 2293 3664 2368 3722; x_wconf 88' lang='lat' dir='ltr'>et</span> <span class='ocrx_word' id='word_1_231' title='bbox 2407 3644 2668 3723; x_wconf 89' lang='lat' dir='ltr'>usibus</span> <span class='ocrx_word' id='word_1_232' title='bbox 2707 3645 3246 3723; x_wconf 88' lang='lat' dir='ltr'>monachorum</span> <span class='ocrx_word' id='word_1_233' title='bbox 3299 3646 3375 3721; x_wconf 90' lang='lat' dir='ltr'>in</span> <span class='ocrx_word' id='word_1_234' title='bbox 3426 3647 3747 3723; x_wconf 87' lang='lat' dir='ltr'>venturis</span> 
     </span>
     <span class='ocr_line' id='line_1_25' title="bbox 891 3775 3749 3886; baseline -0 -31"><span class='ocrx_word' id='word_1_235' title='bbox 891 3778 1529 3886; x_wconf 76' lang='lat' dir='ltr'>generationibu8‚</span> <span class='ocrx_word' id='word_1_236' title='bbox 1573 3795 1659 3854; x_wconf 91' lang='lat' dir='ltr'>ut</span> <span class='ocrx_word' id='word_1_237' title='bbox 1697 3777 1962 3854; x_wconf 89' lang='lat' dir='ltr'>faciant</span> <span class='ocrx_word' id='word_1_238' title='bbox 2002 3777 2302 3867; x_wconf 79' lang='lat' dir='ltr'>exinde,</span> <span class='ocrx_word' id='word_1_239' title='bbox 2334 3778 2505 3885; x_wconf 88' lang='lat' dir='ltr'>jure</span> <span class='ocrx_word' id='word_1_240' title='bbox 2541 3775 3070 3866; x_wconf 87' lang='lat' dir='ltr'>ecclesiastico,</span> <span class='ocrx_word' id='word_1_241' title='bbox 3112 3777 3478 3885; x_wconf 89' lang='lat' dir='ltr'>quicquid</span> <span class='ocrx_word' id='word_1_242' title='bbox 3507 3776 3749 3884; x_wconf 84' lang='lat' dir='ltr'>elege-</span> 
     </span>
     <span class='ocr_line' id='line_1_26' title="bbox 892 3907 3743 4017; baseline 0 -32"><span class='ocrx_word' id='word_1_243' title='bbox 892 3911 1078 4001; x_wconf 78' lang='lat' dir='ltr'>rint3</span> <span class='ocrx_word' id='word_1_244' title='bbox 1135 3939 1219 3986; x_wconf 89' lang='lat' dir='ltr'>ea</span> <span class='ocrx_word' id='word_1_245' title='bbox 1263 3910 1575 4017; x_wconf 89' lang='lat' dir='ltr'>quidem</span> <span class='ocrx_word' id='word_1_246' title='bbox 1634 3907 1917 3986; x_wconf 89' lang='lat' dir='ltr'>ratione</span> <span class='ocrx_word' id='word_1_247' title='bbox 1960 3927 2045 3986; x_wconf 89' lang='lat' dir='ltr'>ut</span> <span class='ocrx_word' id='word_1_248' title='bbox 2084 3908 2334 3986; x_wconf 90' lang='lat' dir='ltr'>nullus</span> <span class='ocrx_word' id='word_1_249' title='bbox 2383 3927 2627 3986; x_wconf 88' lang='lat' dir='ltr'>rector</span> <span class='ocrx_word' id='word_1_250' title='bbox 2682 3910 2777 3985; x_wconf 91' lang='lat' dir='ltr'>de</span> <span class='ocrx_word' id='word_1_251' title='bbox 2828 3909 3008 4015; x_wconf 89' lang='lat' dir='ltr'>ipsis</span> <span class='ocrx_word' id='word_1_252' title='bbox 3057 3907 3283 3984; x_wconf 88' lang='lat' dir='ltr'>rebus</span> <span class='ocrx_word' id='word_1_253' title='bbox 3331 3908 3618 4014; x_wconf 81' lang='lat' dir='ltr'>aliquid</span> <span class='ocrx_word' id='word_1_254' title='bbox 3664 3911 3743 3985; x_wconf 91' lang='lat' dir='ltr'>in</span> 
     </span>
     <span class='ocr_line' id='line_1_27' title="bbox 888 4039 3746 4147; baseline -0.001 -29"><span class='ocrx_word' id='word_1_255' title='bbox 888 4043 1211 4147; x_wconf 85' lang='lat' dir='ltr'>precaria</span> <span class='ocrx_word' id='word_1_256' title='bbox 1253 4059 1379 4120; x_wconf 86' lang='lat' dir='ltr'>aut</span> <span class='ocrx_word' id='word_1_257' title='bbox 1418 4039 1787 4119; x_wconf 86' lang='lat' dir='ltr'>beneficio</span> <span class='ocrx_word' id='word_1_258' title='bbox 1828 4041 2165 4117; x_wconf 89' lang='lat' dir='ltr'>minuere</span> <span class='ocrx_word' id='word_1_259' title='bbox 2205 4040 2472 4147; x_wconf 78' lang='lat' dir='ltr'>possit3</span> <span class='ocrx_word' id='word_1_260' title='bbox 2517 4057 2624 4132; x_wconf 88' lang='lat' dir='ltr'>et,</span> <span class='ocrx_word' id='word_1_261' title='bbox 2669 4040 2729 4117; x_wconf 90' lang='lat' dir='ltr'>si</span> <span class='ocrx_word' id='word_1_262' title='bbox 2769 4040 2915 4117; x_wconf 91' lang='lat' dir='ltr'>hoc</span> <span class='ocrx_word' id='word_1_263' title='bbox 2957 4040 3245 4129; x_wconf 87' lang='lat' dir='ltr'>fecerit,</span> <span class='ocrx_word' id='word_1_264' title='bbox 3289 4040 3570 4145; x_wconf 84' lang='lat' dir='ltr'>proprii</span> <span class='ocrx_word' id='word_1_265' title='bbox 3615 4039 3746 4116; x_wconf 89' lang='lat' dir='ltr'>he-</span> 
     </span>
     <span class='ocr_line' id='line_1_28' title="bbox 888 4153 3745 4278; baseline -0.001 -28"><span class='ocrx_word' id='word_1_266' title='bbox 888 4173 1105 4250; x_wconf 89' lang='lat' dir='ltr'>redes</span> <span class='ocrx_word' id='word_1_267' title='bbox 1136 4174 1282 4250; x_wconf 91' lang='lat' dir='ltr'>mei</span> <span class='ocrx_word' id='word_1_268' title='bbox 1315 4175 1393 4250; x_wconf 89' lang='lat' dir='ltr'>in</span> <span class='ocrx_word' id='word_1_269' title='bbox 1433 4153 1643 4251; x_wconf 86' lang='lat' dir='ltr'>suam</span> <span class='ocrx_word' id='word_1_270' title='bbox 1684 4170 1950 4248; x_wconf 85' lang='lat' dir='ltr'>faciant</span> <span class='ocrx_word' id='word_1_271' title='bbox 1980 4200 2322 4249; x_wconf 87' lang='lat' dir='ltr'>revocare</span> <span class='ocrx_word' id='word_1_272' title='bbox 2354 4189 2826 4278; x_wconf 86' lang='lat' dir='ltr'>potestatem.</span> <span class='ocrx_word' id='word_1_273' title='bbox 2869 4172 3266 4278; x_wconf 87' lang='lat' dir='ltr'>Deinceps,</span> <span class='ocrx_word' id='word_1_274' title='bbox 3299 4171 3513 4278; x_wconf 90' lang='lat' dir='ltr'>quod</span> <span class='ocrx_word' id='word_1_275' title='bbox 3541 4169 3745 4248; x_wconf 86' lang='lat' dir='ltr'>futu-</span> 
     </span>
     <span class='ocr_line' id='line_1_29' title="bbox 886 4303 3739 4411; baseline -0.001 -29"><span class='ocrx_word' id='word_1_276' title='bbox 886 4335 1053 4382; x_wconf 91' lang='lat' dir='ltr'>rum</span> <span class='ocrx_word' id='word_1_277' title='bbox 1095 4334 1251 4382; x_wconf 89' lang='lat' dir='ltr'>esse</span> <span class='ocrx_word' id='word_1_278' title='bbox 1296 4306 1606 4382; x_wconf 90' lang='lat' dir='ltr'>minime</span> <span class='ocrx_word' id='word_1_279' title='bbox 1642 4303 1900 4394; x_wconf 88' lang='lat' dir='ltr'>cred0‚</span> <span class='ocrx_word' id='word_1_280' title='bbox 1946 4305 2004 4380; x_wconf 87' lang='lat' dir='ltr'>si</span> <span class='ocrx_word' id='word_1_281' title='bbox 2048 4333 2184 4411; x_wconf 85' lang='lat' dir='ltr'>ego</span> <span class='ocrx_word' id='word_1_282' title='bbox 2227 4305 2417 4411; x_wconf 91' lang='lat' dir='ltr'>ipse,</span> <span class='ocrx_word' id='word_1_283' title='bbox 2462 4304 2673 4410; x_wconf 91' lang='lat' dir='ltr'>quod</span> <span class='ocrx_word' id='word_1_284' title='bbox 2706 4304 2925 4393; x_wconf 89' lang='lat' dir='ltr'>absit,</span> <span class='ocrx_word' id='word_1_285' title='bbox 2956 4305 3341 4380; x_wconf 88' lang='lat' dir='ltr'>immutata</span> <span class='ocrx_word' id='word_1_286' title='bbox 3360 4303 3739 4380; x_wconf 89' lang='lat' dir='ltr'>voluntate</span> 
     </span>
     <span class='ocr_line' id='line_1_30' title="bbox 885 4433 3740 4543; baseline -0.002 -30"><span class='ocrx_word' id='word_1_287' title='bbox 885 4465 1086 4529; x_wconf 89' lang='lat' dir='ltr'>mea,</span> <span class='ocrx_word' id='word_1_288' title='bbox 1121 4454 1249 4513; x_wconf 86' lang='lat' dir='ltr'>aut</span> <span class='ocrx_word' id='word_1_289' title='bbox 1278 4435 1543 4542; x_wconf 89' lang='lat' dir='ltr'>aliquis</span> <span class='ocrx_word' id='word_1_290' title='bbox 1583 4436 1675 4513; x_wconf 92' lang='lat' dir='ltr'>de</span> <span class='ocrx_word' id='word_1_291' title='bbox 1715 4434 2122 4514; x_wconf 88' lang='lat' dir='ltr'>heredibus</span> <span class='ocrx_word' id='word_1_292' title='bbox 2160 4435 2277 4512; x_wconf 86' lang='lat' dir='ltr'>vel</span> <span class='ocrx_word' id='word_1_293' title='bbox 2297 4434 2737 4543; x_wconf 89' lang='lat' dir='ltr'>propinquis</span> <span class='ocrx_word' id='word_1_294' title='bbox 2775 4436 2995 4529; x_wconf 91' lang='lat' dir='ltr'>meis,</span> <span class='ocrx_word' id='word_1_295' title='bbox 3040 4464 3177 4513; x_wconf 87' lang='lat' dir='ltr'>seu</span> <span class='ocrx_word' id='word_1_296' title='bbox 3216 4433 3570 4541; x_wconf 83' lang='lat' dir='ltr'>quaelibet</span> <span class='ocrx_word' id='word_1_297' title='bbox 3602 4434 3740 4509; x_wconf 92' lang='lat' dir='ltr'>im-</span> 
     </span>
     <span class='ocr_line' id='line_1_31' title="bbox 883 4564 3733 4674; baseline -0.001 -32"><span class='ocrx_word' id='word_1_298' title='bbox 883 4567 1102 4642; x_wconf 91' lang='lat' dir='ltr'>missa</span> <span class='ocrx_word' id='word_1_299' title='bbox 1143 4595 1493 4672; x_wconf 88' lang='lat' dir='ltr'>persona,</span> <span class='ocrx_word' id='word_1_300' title='bbox 1545 4568 1673 4674; x_wconf 89' lang='lat' dir='ltr'>qui</span> <span class='ocrx_word' id='word_1_301' title='bbox 1717 4584 1967 4644; x_wconf 85' lang='lat' dir='ltr'>contra</span> <span class='ocrx_word' id='word_1_302' title='bbox 2006 4567 2151 4643; x_wconf 93' lang='lat' dir='ltr'>hoc</span> <span class='ocrx_word' id='word_1_303' title='bbox 2183 4583 2745 4655; x_wconf 85' lang='lat' dir='ltr'>testamentum,</span> <span class='ocrx_word' id='word_1_304' title='bbox 2803 4566 3014 4673; x_wconf 91' lang='lat' dir='ltr'>quod</span> <span class='ocrx_word' id='word_1_305' title='bbox 3062 4594 3201 4674; x_wconf 83' lang='lat' dir='ltr'>ego</span> <span class='ocrx_word' id='word_1_306' title='bbox 3241 4566 3405 4643; x_wconf 90' lang='lat' dir='ltr'>Deo</span> <span class='ocrx_word' id='word_1_307' title='bbox 3465 4564 3733 4653; x_wconf 82' lang='lat' dir='ltr'>offero,</span> 
     </span>
     <span class='ocr_line' id='line_1_32' title="bbox 880 4696 3736 4806; baseline -0 -33"><span class='ocrx_word' id='word_1_308' title='bbox 880 4698 1206 4805; x_wconf 88' lang='lat' dir='ltr'>aliquam</span> <span class='ocrx_word' id='word_1_309' title='bbox 1241 4697 1685 4775; x_wconf 75' lang='lat' dir='ltr'>calumniam</span> <span class='ocrx_word' id='word_1_310' title='bbox 1729 4728 1861 4776; x_wconf 89' lang='lat' dir='ltr'>seu</span> <span class='ocrx_word' id='word_1_311' title='bbox 1890 4698 2098 4776; x_wconf 85' lang='lat' dir='ltr'>litem</span> <span class='ocrx_word' id='word_1_312' title='bbox 2138 4726 2491 4805; x_wconf 85' lang='lat' dir='ltr'>generare</span> <span class='ocrx_word' id='word_1_313' title='bbox 2529 4698 3120 4806; x_wconf 66' lang='lat' dir='ltr'>praesumpserit,</span> <span class='ocrx_word' id='word_1_314' title='bbox 3165 4696 3508 4804; x_wconf 86' lang='lat' dir='ltr'>inprimis</span> <span class='ocrx_word' id='word_1_315' title='bbox 3551 4696 3736 4773; x_wconf 85' lang='lat' dir='ltr'>iram</span> 
     </span>
    </p>
   </div>
   <div class='ocr_carea' id='block_1_3' title="bbox 878 4880 3735 5052">
    <p class='ocr_par' dir='ltr' id='par_1_3' title="bbox 878 4880 3735 5052">
     <span class='ocr_line' id='line_1_33' title="bbox 963 4880 3735 4969; baseline -0.002 -23"><span class='ocrx_word' id='word_1_316' title='bbox 963 4883 1004 4914; x_wconf 84' lang='lat'>¹³</span> <span class='ocrx_word' id='word_1_317' title='bbox 1052 4884 1335 4946; x_wconf 75' lang='lat' dir='ltr'>Gatinims</span> <span class='ocrx_word' id='word_1_318' title='bbox 1367 4882 1478 4946; x_wconf 89' lang='lat' dir='ltr'>SG.</span> <span class='ocrx_word' id='word_1_319' title='bbox 1508 4920 1590 4931; x_wconf 88' lang='lat'>-—-</span> <span class='ocrx_word' id='word_1_320' title='bbox 1613 4883 1654 4916; x_wconf 73' lang='lat'>¹¹</span> <span class='ocrx_word' id='word_1_321' title='bbox 1704 4885 1841 4948; x_wconf 77' lang='lat' dir='ltr'>Cum</span> <span class='ocrx_word' id='word_1_322' title='bbox 1888 4885 2041 4947; x_wconf 75' lang='lat' dir='ltr'>terris</span> <span class='ocrx_word' id='word_1_323' title='bbox 2078 4895 2137 4947; x_wconf 81' lang='lat' dir='ltr'>et</span> <span class='ocrx_word' id='word_1_324' title='bbox 2185 4885 2486 4968; x_wconf 83' lang='lat' dir='ltr'>sequentia</span> <span class='ocrx_word' id='word_1_325' title='bbox 2529 4906 2718 4969; x_wconf 79' lang='lat' dir='ltr'>usque</span> <span class='ocrx_word' id='word_1_326' title='bbox 2758 4883 2835 4945; x_wconf 82' lang='lat' dir='ltr'>ad</span> <span class='ocrx_word' id='word_1_327' title='bbox 2881 4883 2995 4947; x_wconf 78' lang='lat' dir='ltr'>hoec</span> <span class='ocrx_word' id='word_1_328' title='bbox 3033 4884 3214 4946; x_wconf 82' lang='lat' dir='ltr'>onmia</span> <span class='ocrx_word' id='word_1_329' title='bbox 3255 4881 3469 4944; x_wconf 78' lang='lat' dir='ltr'>desunt</span> <span class='ocrx_word' id='word_1_330' title='bbox 3512 4880 3619 4943; x_wconf 82' lang='lat' dir='ltr'>Ch.</span> <span class='ocrx_word' id='word_1_331' title='bbox 3652 4915 3735 4927; x_wconf 94' lang='lat'>——</span> 
     </span>
     <span class='ocr_line' id='line_1_34' title="bbox 878 4988 1340 5052; baseline -0.002 -2"><span class='ocrx_word' id='word_1_332' title='bbox 878 4988 919 5018; x_wconf 81' lang='lat'>&#39;⁵</span> <span class='ocrx_word' id='word_1_333' title='bbox 967 4988 1242 5051; x_wconf 70' lang='lat' dir='ltr'>Gabar-tas</span> <span class='ocrx_word' id='word_1_334' title='bbox 1275 4989 1340 5052; x_wconf 90' lang='lat' dir='ltr'>B.</span> 
     </span>
    </p>
   </div>
  </div>
 </body>
</html>
