4442 5769
943 535 1038 608 40
2000 528 2801 606 CHARTULARIUM

938 703 1138 778 vium
1166 699 1627 777 Dornoniam
1653 699 1951 776 nomine
1982 700 2114 776 sita
2150 716 2292 788 est,
2321 699 2436 776 cui
2470 696 2843 777 Gairulfus
2871 696 3097 776 abbas
3120 726 3432 804 praeesse
3464 701 3759 807 dignos-

938 833 1153 908 citur.
1197 832 1347 908 Nos
1385 828 1462 904 in
1500 829 1636 905 Dei
1677 830 1979 908 nomine
2012 830 2397 908 Sicardus²
2428 846 2504 907 et
2526 858 2713 907 uxor
2740 859 2907 907 mea
2942 831 3452 937 Ingenseldis³,
3485 834 3759 938 pariter

939 976 1462 1069 pertractantes
1494 987 1741 1036 casum
1780 958 2124 1037 humanae
2163 958 2573 1066 fragilitatis
2607 977 2682 1038 et
2709 959 3254 1038 considerantes
3284 960 3600 1040 coelestis
3634 992 3760 1070 pa-

932 1093 1089 1168 triae
1148 1090 1643 1179 mansionem,
1702 1106 1787 1166 ut
1843 1107 2013 1167 ante
2077 1089 2401 1168 tribunal
2440 1089 2713 1169 Christi
2768 1091 3057 1167 veniam
3103 1118 3525 1167 mereamur
3573 1094 3760 1170 acci-

835 1288 844 1299 .
936 1251 1146 1328 pere,
1207 1221 1536 1298 cedimus
1588 1220 1691 1297 ibi
1746 1221 1952 1298 altari
2001 1223 2078 1299 S.
2134 1221 2331 1298 Petri
2386 1221 2685 1328 suisque
2738 1219 3285 1309 servientibus&
3344 1220 3626 1328 aliquid
3665 1226 3759 1301 de

935 1353 1210 1462 nostris
1254 1352 1572 1456 propriis
1630 1350 1855 1427 rebus
1903 1381 2065 1459 quae
2114 1368 2285 1429 sunt
2330 1352 2409 1428 in
2460 1351 2835 1429 territorio
2884 1350 3317 1440 Lemozino,
3373 1352 3449 1428 in
3495 1353 3760 1430 vicaria

934 1484 1231 1561 Barinse
1245 1489 1292 1570 ⁵,
1329 1482 1474 1558 hoc
1500 1498 1610 1558 est
1641 1480 2025 1559 ecclesiam
2055 1500 2381 1559 nostram
2412 1510 2572 1588 quae
2602 1510 2815 1559 secus
2833 1481 3143 1557 fluvium
3171 1483 3472 1559 nomine
3497 1483 3761 1562 Corre-

931 1614 1118 1689 ziam
1157 1610 1507 1689 aedificata
1549 1628 1621 1688 et
1650 1627 2067 1689 constructa
2106 1630 2214 1690 est
2253 1613 2331 1689 in
2373 1613 2735 1689 honorem
2779 1612 2857 1688 S.
2888 1610 3271 1703 Martialis,
3306 1641 3478 1689 cum
3517 1631 3755 1702 curte,

934 1761 1007 1820 et
1046 1760 1248 1832 orto,
1292 1760 1368 1819 et
1401 1743 1597 1819 exitu
1633 1761 1708 1819 et
1735 1743 2117 1833 viridario,
2163 1760 2239 1819 et
2267 1772 2433 1820 cum
2476 1744 2633 1850 ipsa
2672 1740 3071 1819 baccalaria
3099 1741 3383 1848 integra
3416 1771 3579 1848 quae
3617 1741 3761 1820 ibi-

933 1874 1108 1950 dem
1139 1873 1480 1981 pertinet.
1513 1873 1611 1949 Et
1634 1872 1977 1949 similiter
2006 1872 2342 1950 cedimus
2376 1889 2625 1949 sancto
2662 1869 3010 1977 praedicto
3036 1870 3239 1961 1000,
3274 1872 3350 1947 in
3387 1872 3530 1950 alio
3566 1872 3757 1958 loco,

931 2004 1012 2080 in
1042 2004 1196 2110 ipsa
1236 2002 1529 2094 vicaria,
1576 2003 1651 2078 in
1683 2002 1853 2080 villa
1893 2003 2103 2110 cujus
2137 2003 2581 2081 vocabulum
2615 2019 2724 2079 est
2751 2000 3248 2089 Rofiniacum,
3295 2001 3505 2078 illum
3546 1978 3760 2079 istan-

931 2161 1096 2209 sum
1142 2134 1513 2241 integrum
1565 2131 1698 2209 ubi
1743 2135 2210 2210 Bertemarus
2247 2161 2496 2211 servus
2535 2150 2788 2210 noster
2834 2130 3030 2208 visus
3082 2148 3191 2209 est
3237 2160 3565 2221 manere,
3614 2159 3760 2209 una

933 2292 1101 2339 cum
1167 2264 1331 2369 ipso
1395 2290 1603 2341 servo
1646 2263 1801 2370 jam
1856 2263 2345 2369 supradicto⁶‚
2409 2280 2483 2340 et
2534 2262 2761 2340 alium
2815 2263 3185 2369 integrum
3235 2290 3577 2340 mansum
3630 2262 3758 2339 ubi

935 2392 1283 2470 Sicardus
1329 2393 1526 2469 visus
1585 2410 1696 2468 est
1746 2420 2075 2483 manere,
2130 2392 2360 2471 alium
2407 2420 2744 2470 mansum
2794 2392 2922 2469 ubi
2965 2385 3367 2471 Guntarius
3412 2394 3607 2472 visus
3656 2409 3764 2470 est

933 2550 1263 2610 manere,
1319 2538 1395 2598 et
1442 2521 1668 2598 alium
1720 2549 2060 2600 mansum
2105 2522 2477 2628 integrum
2523 2524 2654 2601 ubi
2693 2525 2752 2599 F
2754 2522 3026 2600 edreus
3064 2524 3261 2601 visus
3306 2540 3421 2601 est
3467 2552 3759 2601 manere

935 2668 1012 2730 et
1048 2651 1236 2729 alius
1275 2680 1525 2729 servus
1564 2653 1867 2730 nomine
1896 2650 2499 2730 Archambaldus.
2532 2655 2684 2731 Hos
2718 2681 3014 2732 mansos
3052 2670 3548 2743 constructOS,
3591 2682 3759 2730 cum

933 2781 1265 2861 curtibus
1296 2801 1369 2860 et
1408 2784 1589 2861 ortis
1619 2801 1693 2860 et
1732 2782 2080 2872 exitibus,
2116 2812 2286 2860 cum
2307 2782 2702 2875 viridariis,
2747 2812 2917 2861 cum
2951 2784 3257 2891 campiS,
3296 2785 3557 2891 pratis,
3600 2812 3764 2890 pas-

934 2915 1129 3006 cuis,
1172 2913 1630 3021 adjacentiis,
1687 2912 1914 3004 silvis,
1973 2914 2314 3021 sepibus,
2365 2944 2539 2992 cum
2581 2913 2896 2996 exitibus
2946 2930 3021 2991 et
3064 2915 3558 3020 regressibuS,
3594 2914 3761 3003 viis,

931 3046 1142 3151 aquis
1181 3072 1631 3151 aquarumve
1673 3043 2142 3138 decursibu5‚
2177 3045 2412 3123 cultos
2445 3046 2593 3122 sive
2635 3043 2983 3135 incultos,
3021 3046 3366 3154 quaesitos
3404 3044 3518 3122 vel
3553 3046 3764 3152 quod

931 3175 1465 3281 acquirendum
1510 3192 1648 3268 est,
1700 3176 1948 3253 omnia
1983 3192 2060 3253 et
2103 3203 2188 3252 ex
2230 3176 2619 3261 omnibus,
2659 3192 3347 3282 quantumcumque
3396 3175 3491 3251 ad
3527 3175 3763 3279 ipsam

935 3305 1357 3391 ecclesiam,
1400 3333 1550 3381 una
1596 3333 1765 3381 cum
1813 3306 1972 3411 ipsa
2022 3305 2459 3395 baccalaria‚
2506 3323 2579 3382 et
2623 3306 2716 3381 ad
2756 3306 2955 3411 ipsos
2994 3333 3286 3383 mansos
3347 3306 3606 3412 aspicit
3649 3305 3767 3381 vel

934 3434 1256 3539 aspicere
1287 3434 1612 3524 videtur,
1645 3451 1891 3511 totum
1926 3451 1999 3511 et
2037 3436 2129 3511 ad
2159 3436 2570 3543 integrum,
2604 3434 2681 3512 in
2718 3436 2836 3512 die
2867 3436 3202 3541 praesenti
3244 3435 3527 3512 ibidem
3562 3435 3766 3513 cedi-

935 3591 1138 3653 mus,
1183 3591 1315 3669 pro
1363 3564 1877 3672 redemptione
1930 3565 2190 3641 animae
2240 3594 2424 3642 meae
2475 3582 2550 3642 et
2582 3594 2719 3672 pro
2763 3567 3098 3643 remedio
3144 3566 3402 3642 animae
3434 3567 3765 3673 germani

935 3694 1084 3769 mei
1143 3694 1445 3770 nomine
1512 3692 1879 3801 Adalgarii
1935 3693 2357 3800 presbiteri,
2430 3695 2908 3801 germanique
2964 3697 3193 3773 nostri
3254 3696 3561 3773 nomine
3617 3695 3769 3772 An-

938 3823 1208 3911 driani,
1243 3842 1317 3900 et
1354 3851 1490 3928 pro
1529 3823 1964 3901 redimenda
2005 3826 2247 3901 anima
2281 3826 2638 3931 genitoris
2677 3825 2906 3903 nostri
2948 3828 3250 3903 nomine
3291 3825 3761 3912 Madalberti,

937 3971 1013 4029 et
1058 3953 1438 4061 genitricis
1491 3971 1758 4031 nostrae
1822 3955 2129 4032 nomine
2175 3955 2442 4034 Datile.
2502 3957 2679 4033 Istas
2721 3982 2896 4033 vero
2945 3985 3062 4033 res
3102 3956 3260 4063 jam
3317 3957 3768 4062 supradictas

939 4084 1015 4162 S.
1035 4086 1253 4162 Petro
1279 4085 1579 4191 suisque
1606 4085 2095 4164 servientibus
2119 4085 2404 4163 ibidem
2427 4087 2793 4176 cedimus,
2818 4103 2907 4163 ut
2923 4086 3144 4164 nobis
3168 4087 3335 4192 pius
3359 4087 3728 4165 Dominus
3744 4148 3763 4174 ,

937 4217 1012 4292 in
1054 4217 1177 4293 die
1200 4217 1502 4324 judicii,
1545 4217 1832 4293 veniam
1875 4217 2291 4295 retribuere
2334 4217 2705 4325 dignetur,
2744 4217 2885 4295 nisi
2927 4236 3176 4296 tamen
3211 4218 3759 4305 tantummodo,

939 4346 1118 4423 dum
1161 4375 1297 4452 ego
1339 4347 1687 4425 Sicardus
1727 4347 2008 4435 vixero,
2056 4346 2772 4425 usumfructuarium
2815 4365 3071 4426 tenere
3114 4348 3409 4436 faciam,
3448 4366 3523 4424 et
3561 4346 3768 4424 annis

938 4475 1248 4581 singulis
1297 4476 1388 4552 ad
1428 4461 1938 4554 luminaria-S.
1991 4477 2188 4553 Petri
2248 4476 2504 4585 ibique
2550 4479 2711 4556 Deo
2751 4479 3227 4556 servientium
3257 4541 3272 4570 ‚
3316 4476 3598 4556 solidos
3636 4476 3767 4554 de-

1020 4686 1040 4714 ²
1082 4684 1367 4747 Siccardas
1397 4688 1463 4748 B.
2516 4689 2537 4721 ⁵
2581 4692 2818 4753 Raram
2844 4691 2955 4764 Ch.

1020 4788 1040 4817 ³
1082 4788 1409 4874 Inyenseldis
1432 4791 1497 4851 B.
1522 4788 1634 4855 SG.
2517 4792 2538 4823 ⁶
2582 4793 2748 4855 Adde
2794 4818 2806 4851 ε
2849 4794 2927 4853 Et
2981 4793 3152 4855 alium
3206 4814 3447 4854 mansum
3491 4793 3581 4853 ubi
3629 4790 3776 4854 Cris-

1023 4889 1042 4920 ⁴
1085 4890 1446 4955 scatentibus
1473 4892 1634 4954 deest
1660 4896 1727 4956 B.
2428 4897 2589 4979 pinus
2619 4893 2896 4980 vumfiit
2920 4917 3161 4964 manere,
3194 4918 3316 4958 cam
3347 4896 3460 4978 ipso
3486 4916 3636 4958 servo
3663 4894 3729 4957 C.
