4442 5769
1008 670 1073 711 ο-
1383 651 2019 755 MoNAsTEffll
2080 652 2212 724 DE
2279 652 2910 728 BELLotoco.
3471 657 3565 726 75

727 823 1114 932 quomodo
1167 820 1262 897 de
1309 819 1607 897 caducis
1662 820 1755 895 ad
1807 846 2160 926 superna,
2210 819 2303 897 de
2344 821 2662 899 terrenis
2700 822 2797 898 ad
2840 823 3190 912 coelestia,
3241 821 3572 900 mortalis

730 955 901 1033 labe
938 950 1266 1060 pulveris
1305 949 1559 1039 exuti,
1601 977 1684 1025 ac
1733 948 2181 1026 multimoda
2224 948 2617 1028 vitiorum⁵
2664 953 2920 1041 sorde,
2971 952 3571 1031 condescendere

730 1111 1171 1171 mereamur,
1214 1078 1562 1159 absoluti.
1604 1079 1885 1156 Idcirco
1916 1107 2001 1157 ex
2030 1097 2300 1158 nostrae
2336 1082 2811 1188 proprietatis
2856 1080 3360 1170 facultatibus,
3411 1110 3572 1159 mo·-

731 1215 1052 1294 nasterio
1073 1214 1281 1322 quod
1299 1212 1378 1288 in
1399 1213 1770 1290 honorem
1798 1211 1873 1289 S.
1907 1211 2100 1288 Petri
2118 1272 2135 1298 ,
2172 1212 2680 1319 apostolorum
2706 1214 3098 1321 principis,
3133 1213 3531 1291 fundatum
3550 1273 3566 1299 ,

729 1345 1195 1423 Belluslocus
1222 1359 1549 1431 vocatur,
1584 1340 1715 1419 ubi
1756 1342 1864 1417 vir
1898 1341 2338 1419 venerabilis
2367 1342 2735 1422 Geraldus
2770 1343 2997 1422 abbas
3035 1370 3346 1451 praeesse
3376 1343 3575 1419 vide-

731 1493 879 1565 tur,
910 1473 1289 1553 ecclesiam
1320 1502 1487 1580 quse
1515 1472 1935 1617 primorum
1966 1473 2331 1551 vocabulo
2361 1471 2474 1550 Ad
2503 1473 2947 1551 Macherias⁶
2971 1474 3389 1563 vocabatur,
3422 1500 3576 1549 mo-

733 1606 1143 1684 dernorum
1194 1632 1373 1683 vero
1428 1603 1738 1681 nomine
1797 1603 2174 1681 Bonavilla
2228 1620 2729 1711 nuncupatur,
2784 1632 2955 1682 cum
2995 1632 3252 1682 manso
3292 1605 3422 1711 qui
3466 1621 3576 1679 est

732 1735 827 1812 de
855 1735 1161 1841 capella,
1187 1754 1264 1813 et
1291 1763 1462 1812 cum
1505 1732 1665 1810 aliis
1702 1750 2023 1840 quatuor
2056 1734 2333 1812 mansis
2369 1734 2501 1841 qui
2533 1751 2709 1812 sunt
2742 1735 2818 1811 in
2850 1736 3163 1812 circuitu
3196 1734 3574 1839 (elemosi-

661 1948 673 1961 ,
734 1894 905 1942 nam
942 1893 1169 1971 quam
1217 1866 1280 1942 ei
1325 1863 1843 1971 progenitores
1881 1862 2215 1943 Aitrudis
2257 1882 2333 1941 et
2368 1862 2606 1942 filius⁷
2647 1863 3106 1970 Stephanae,
3155 1892 3289 1969 pro
3330 1863 3569 1939 anima

733 1994 1114 2072 Matfredi⁸
1169 1993 1665 2072 condecenter
1704 1993 2198 2095 obtulerunt),
2245 1993 2683 2100 supradictis
2733 1996 3036 2084 mansiS,
3082 1994 3300 2072 cultis
3340 2011 3413 2070 et
3461 1995 3574 2068 in-

732 2125 983 2233 cultis,
1019 2152 1189 2201 cum
1218 2124 1482 2216 vineis,
1523 2125 1782 2231 pratis,
1825 2123 2061 2211 silvis,
2102 2122 2315 2232 aquis
2353 2152 2800 2232 aquarumve
2836 2123 3305 2214 decursibus,
3339 2152 3577 2230 quan-

732 2275 897 2331 tum
934 2255 1011 2331 in
1048 2255 1204 2360 ipsa
1249 2253 1415 2331 villa
1445 2255 1578 2332 visi
1620 2282 1881 2332 sumus
1916 2255 2194 2333 habere
2237 2254 2355 2332 vel
2400 2256 2817 2360 possidere,
2862 2255 3254 2362 quaesiuun
3300 2270 3428 2329 aut
3466 2253 3577 2329 in-

734 2386 1188 2493 quirendum
1207 2447 1225 2475 ,
1248 2403 1492 2493 toturn
1519 2385 1705 2463 etad
1732 2387 2106 2492 integrum
2124 2445 2142 2475 ,
2173 2413 2310 2492 pro
2339 2385 2580 2462 anima
2601 2386 2832 2491 patris
2854 2386 3002 2462 mei
3023 2383 3361 2462 Rotberti
3380 2446 3396 2472 ,
3425 2385 3573 2461 sive

738 2518 959 2593 etiam
991 2544 1126 2623 pro
1146 2515 1663 2622 redemptione
1692 2533 2090 2622 parentum
2120 2533 2579 2605 nostrorum,
2604 2516 2705 2593 ita
2730 2515 3137 2593 liberaliter
3156 2504 3592 2603 offerimus?

738 2647 943 2752 quod
981 2647 1040 2723 si
1081 2646 1447 2752 quispiam
1482 2661 1911 2723 nostrorum
1960 2674 2098 2747 seu
2138 2647 2366 2724 etiam
2406 2645 2808 2753 cujuslibet
2855 2645 3159 2724 alterius
3208 2645 3579 2722 servitutis

738 2774 1032 2853 vinculo
1072 2803 1336 2865 nexus,
1380 2773 1491 2853 vel
1535 2775 1798 2882 quovis
1826 2774 1976 2852 alio
2031 2775 2345 2853 crimine
2393 2773 2931 2854 nefandissimo
2973 2804 3012 2851 a
3052 2775 3285 2883 patria
3332 2802 3580 2882 segre-

738 2925 980 3014 gatus,
1028 2924 1424 3013 postquam
1468 2904 1690 3011 [alias
1730 2938 1752 2980 .·
1793 2906 2040 3012 potius
2088 2905 2352 3012 quam]
2405 2905 2593 2982 infra
2646 2924 2879 3000 metas
2925 2905 3042 2983 vel
3089 2906 3278 2983 infra
3327 2906 3576 2983 villam

620 3133 625 3140 1
740 3038 1174 3117 festinanter
1197 3034 1722 3143 [pervenerit],
1757 3034 1955 3113 liber
1991 3061 2292 3141 semper
2318 3050 2393 3111 et
2430 3035 2792 3112 immunis
2822 3038 3340 3141 permanserit.
3385 3037 3581 3112 Inte-

740 3169 882 3243 rim
925 3169 983 3244 si
1035 3165 1333 3273 aliquis,
1376 3163 1593 3241 miles
1630 3163 1759 3239 vel·
1790 3163 2022 3241 cliens
2069 3180 2200 3239 aut
2252 3163 2609 3256 rusticus,
2652 3164 2900 3242 cordis
2936 3165 3329 3271 instigante
3381 3191 3582 3240 com—

738 3298 1187 3403 punctione,
1230 3293 1518 3401 aliquid
1558 3293 1654 3369 de
1696 3309 1955 3372 nostro
2004 3292 2262 3369 feodio
2310 3290 2597 3370 ibidem
2655 3293 2902 3402 largiri
2944 3292 3290 3382 voluerit,
3335 3296 3580 3371 omni⁹

741 3456 1011 3506 eorum
1048 3429 1153 3504 ibi
1193 3424 1821 3504 commorantium
1851 3421 2207 3502 voluntati
2260 3422 2638 3529 explendae
2677 3424 3207 3530 permittimus.
3243 3428 3581 3531 Itemque

741 3581 1092 3634 mansum
1129 3557 1225 3634 de
1266 3558 1536 3643 Bosco,
1575 3554 1777 3632 unde
1824 3570 2148 3661 quatuor
2192 3553 2488 3631 sextarii
2503 3558 2557 3601 ¹⁰
2602 3552 2902 3642 hordei,
2945 3582 3248 3661 porcuS,
3293 3555 3581 3664 gallinae

743 3688 1120 3767 debentur
1141 3685 1425 3792 absque
1455 3685 1845 3776 calumnia,
1870 3683 2250 3763 voluntate
2281 3700 2683 3790 spontanea
2710 3682 3216 3775 concedimus,
3252 3704 3327 3763 et
3354 3686 3579 3762 alium

744 3846 1084 3896 mansum
1149 3819 1280 3925 qui
1340 3846 1477 3923 pro
1534 3817 1906 3925 sexaginta
1953 3815 2213 3895 solidis
2261 3834 2375 3894 est
2422 3817 2500 3893 in
2550 3817 2896 3923 pignore,
2958 3834 3033 3894 et
3087 3817 3399 3896 boscum
3463 3820 3580 3894 cui

743 3977 1021 4026 nomen
1063 3966 1176 4026 est
1213 3949 1307 4025 de
1338 3947 1697 4026 Teillada.
1740 3946 2108 4027 Similiter
2147 3965 2223 4025 et
2251 3948 2721 4025 vestitionem
2765 3948 2842 4024 in
2879 3964 3116 4026 castro
3141 3949 3345 4055 quod
3377 3977 3586 4027 voca-

745 4096 871 4155 tur
901 4078 1061 4158 Afla
1092 4080 1448 4168 Peiriera,
1491 4098 1571 4158 et
1606 4078 1969 4186 quicquid
2000 4077 2454 4156 Amnandus
2490 4079 2584 4155 de
2614 4078 3019 4166 Liviniaco‚
3062 4095 3285 4186 atque
3326 4079 3586 4158 Geral-

749 4210 893 4286 dus
923 4209 1079 4286 de¹¹
1112 4210 1347 4316 Capra
1370 4271 1389 4298 ,
1425 4236 1717 4287 necnon
1755 4210 1979 4288 etiam
2021 4209 2444 4314 Stephanus
2474 4208 2829 4317 Rigaldus
2853 4267 2870 4297 ‚
2914 4228 3133 4317 atque
3173 4210 3333 4314 ejus
3363 4208 3587 4286 frater

835 4500 853 4528 ⁵
911 4503 1216 4564 Vitiorum..
1244 4549 1260 4564 .
1295 4516 1489 4566 nostrae
1511 4504 1721 4565 desunt
1751 4504 1813 4563 B.
2245 4507 2454 4565 nostris
2498 4526 2633 4564 mss.
2689 4503 2873 4566 Voces
2911 4502 3107 4582 absque
3143 4502 3447 4570 calumnia,
3483 4514 3624 4588 etc·

834 4602 854 4632 ⁶
900 4602 1171 4665 Macer-ias
1198 4604 1302 4667 Ch.
2244 4628 2374 4689 quae
2406 4607 2486 4667 ibi
2516 4607 2738 4689 scriptoe
2780 4615 2973 4673 erant,
3003 4616 3135 4688 post
3162 4602 3318 4665 idem
3351 4605 3593 4666 verbum

837 4704 857 4735 ⁷
902 4706 1035 4767 Filii
1056 4707 1171 4770 SG.
2244 4709 2498 4770 debentur·
2525 4706 2985 4790 transposuimus
3007 4752 3022 4776 ‚
3061 4707 3230 4769 sicuti
3269 4707 3594 4788 indubitate

836 4809 854 4837 ⁴
898 4809 1024 4871 Mal
1142 4813 1162 4869 i
1185 4811 1250 4873 B.
2247 4811 2469 4895 phrasis
2499 4810 2778 4893 exigebat.

838 4911 856 4938 ⁹
905 4910 1071 4973 Omni
1081 4935 1285 4981 eorum,
1300 4926 1404 4974 etc.
1429 4913 1531 4974 Hae
1552 4933 1717 4974 voces
1737 4912 1880 4975 falso
1900 4914 2097 4996 positae
2331 4912 2375 4945 ¹⁰
2417 4911 2657 4976 &star-ia
2686 4909 2797 4976 SG.

754 5013 979 5074 fuerant
1008 5016 1277 5082 inferius,
1310 5028 1438 5097 post
1476 5015 1719 5076 verbum
1740 5014 2011 5085 debentur,
2034 5017 2096 5078 in
2334 5016 2372 5046 ¹¹
2418 5016 2504 5078 De
2531 5015 2742 5097 Capra.
2774 5064 2785 5075 .
2814 5060 2824 5074 .
2871 5015 3142 5077 Gomldas
3165 5015 3378 5076 desunt
3401 5016 3468 5076 B.

3195 5173 3288 5209 10·
