4442 5769
1348 579 1980 655 MONASTERII
2043 578 2174 651 DE
2229 580 2860 656 BELLOLOCO.
3421 590 3519 662 29

693 749 809 827 vel
856 777 1021 855 quae
1065 746 1413 853 deinceps
1435 749 1603 857 jure
1642 748 2067 826 monasterii
2108 748 2447 855 ejusdem
2488 749 2731 827 divina
2767 748 3001 855 pietas
3038 751 3351 830 voluerit
3389 783 3520 832 au-

689 907 863 986 gere
880 939 899 968 ,
942 877 1036 955 ad
1062 906 1313 956 causas
1337 878 1776 967 audiendas,
1806 877 1924 956 vel
1949 876 2159 954 freda
2190 895 2318 955 aut
2352 878 2628 956 tributa
2656 908 2789 955 seu
2811 878 3107 956 telonea
3132 882 3512 988 exigenda,

693 1026 820 1086 aut
865 1008 1282 1085 mansiones
1317 1007 1433 1084 vel
1467 1024 1754 1114 paratas
1791 1006 2191 1098 faciendas,
2238 1008 2351 1086 vel
2391 1007 2865 1116 fidejussores
2903 1009 3305 1104 tollendoS,
3350 1042 3520 1093 nec·

585 1227 594 1238 ,
692 1165 845 1215 non
897 1138 1235 1244 ejusdem
1283 1138 1707 1219 monasterii
1756 1154 1909 1214 tam
1959 1138 2321 1243 ingenuos
2367 1167 2593 1244 quam
2641 1166 2919 1229 servos,
2974 1167 3198 1246 super
3244 1158 3518 1221 terram

690 1266 922 1373 ipsius
956 1285 1530 1357 commoranteS,
1575 1265 2152 1374 distringendos,
2195 1295 2334 1344 nec
2368 1268 2555 1344 ullas
2592 1267 3079 1346 redibitiones
3131 1271 3521 1377 requiren—

693 1394 853 1485 das,
887 1397 1156 1473 nostris
1185 1396 1601 1504 futurisque
1631 1396 2124 1502 temporibus»,
2159 1396 2546 1504 ingredere
2580 1398 2880 1487 audeat,
2925 1396 3039 1474 vel
3079 1426 3164 1475 ea
3191 1429 3358 1506 quoe
3396 1429 3517 1481 su-

693 1526 942 1630 perius
981 1526 1358 1604 nominata
1395 1544 1565 1604 sunt
1593 1527 1892 1633 penitus
1933 1526 2218 1631 exigere
2258 1544 2672 1633 praesumat.
2711 1526 3254 1606 Confirmamus
3294 1532 3516 1608 etiam

689 1654 932 1731 villam
972 1684 1195 1762 quam
1235 1655 1598 1733 Rodulfus
1636 1656 2231 1761 archiepiscopus
2270 1655 2595 1745 donavit,
2630 1656 3170 1745 Camariacum,
3211 1656 3289 1732 in
3328 1687 3515 1765 pago

691 1783 1198 1874 LemovicinO,
1241 1813 1415 1861 cum
1460 1783 1805 1862 omnibus
1844 1784 1939 1861 ad
1976 1812 2054 1860 se
2097 1784 2671 1890 pertinentibuS,
2717 1801 2790 1862 et
2829 1786 3211 1892 mancipiis
3245 1786 3517 1913 utrius-

690 1940 836 2019 que
874 1941 1110 1990 sexus.
1141 1912 1523 2002 Similiter,
1556 1914 1634 1990 in
1677 1912 1943 1991 eodem
1979 1941 2200 2019 pag0,
2245 1914 2323 1988 in
2345 1913 2537 1993 ,valle
2565 1913 3125 2004 Exandonense,
3171 1913 3518 1993 Orbacia·

692 2068 858 2117 cum
895 2040 1177 2134 villam,
1223 2070 1444 2148 quam
1481 2042 1853 2121 Frotarius
1882 2043 2268 2149 episcopus
2307 2041 2514 2119 dedit
2554 2045 2629 2121 S.
2670 2044 2921 2133 Petro,
2962 2072 3130 2120 cum
3170 2044 3517 2123 omnibus

690 2170 783 2247 ad
823 2199 901 2247 se
939 2171 1507 2277 pertinentibus.
1552 2171 1936 2265 Similiter,
1990 2172 2066 2247 in
2105 2171 2377 2249 eodem
2417 2200 2640 2279 pago,
2685 2172 2760 2248 in
2806 2173 3070 2251 vicaria
3126 2174 3511 2268 Barrense,

689 2326 986 2377 mansos
1027 2318 1100 2378 et
1139 2300 1532 2407 mancipia,
1581 2330 1743 2408 quoe
1785 2301 2300 2377 Ermenricus³
2337 2329 2471 2407 per
2511 2319 2780 2378 cartam
2820 2302 3171 2379 cessionis
3215 2304 3519 2383 donavit

690 2428 767 2507 S.
807 2431 1061 2520 Petro,
1092 2431 1301 2538 cujus
1338 2447 1556 2538 caput
1591 2447 1890 2508 vocatur
1925 2430 2330 2509 DinachuS.
2372 2432 2467 2506 Et
2504 2430 2582 2506 in
2624 2430 2766 2507 alio
2814 2430 3006 2523 loco,
3047 2432 3124 2508 in
3157 2462 3347 2540 pago
3377 2437 3515 2517 Ca-

687 2559 1009 2649 turcino,
1052 2559 1294 2637 villam
1334 2559 1776 2669 Agaracum,
1806 2588 2028 2666 quam
2063 2557 2582 2639 Gothafridus⁴
2618 2587 2868 2637 comes
2907 2560 3116 2637 dedit
3152 2563 3229 2641 S.
3267 2566 3510 2643 Petro.

688 2687 1047 2766 Similite-
1094 2706 1169 2766 et
1218 2690 1836 2768 commutationes
1873 2718 2054 2796 quas
2099 2687 2466 2766 Rodulfus
2511 2688 3139 2796 archiepiscopus,
3182 2693 3517 2773 Stolidus

689 2818 1099 2926 episcopus,
1135 2837 1208 2898 et
1226 2820 2026 2929 Ragemundus-comes
2046 2819 2239 2896 inter
2267 2846 2345 2896 se
2374 2817 2734 2896 fecerunt.
2764 2817 3264 2900 Concedimus
3291 2826 3515 2902 etiam

632 2919 1097 3026 &miniaco-'³
1125 2949 1327 3040 villa,
1353 2968 1428 3028 et
1453 2951 1614 3028 vico
1643 2949 1785 3028 sibi
1805 2948 2179 3024 licentiam
2210 2947 2534 3024 habeant
2562 2966 2972 3025 mercatum
2998 2953 3509 3044 construendi,

690 3095 763 3155 et
797 3078 1155 3185 quicquid
1196 3079 1373 3156 inde
1414 3078 1724 3183 exigitur
1753 3104 2013 3152 eorum
2045 3064 2376 3151 dominio
2419 3075 2844 3180 deputetur.
2884 3076 3211 3184 Ideoque
3244 3081 3517 3158 consti-

686 3207 961 3285 tuimus
989 3224 1073 3283 ut
1111 3206 1293 3283 nulli
1320 3206 1535 3282 liceat
1574 3204 1816 3281 eidem
1848 3203 2015 3280 loco
2056 3201 2375 3307 aliquam
2405 3202 2677 3278 inferre
2718 3200 2966 3292 litem,
3002 3222 3078 3281 et
3104 3234 3348 3312 neque
3389 3236 3512 3286 co-

686 3364 844 3414 mes
862 3396 880 3426 ,
908 3353 1036 3414 aut
1064 3336 1326 3442 aliquis
1342 3334 1714 3441 judicum,
1748 3329 2167 3437 reipublicae
2199 3347 2513 3417 exactor,
2541 3331 2635 3408 de
2660 3331 2938 3421 tractis,
2972 3351 3101 3410 aut
3135 3334 3513 3416 telonariis

684 3466 1217 3573 cujuscumque
1240 3464 1567 3554 mercati,
1588 3461 1704 3540 vel
1721 3460 2146 3568 parafredis,
2170 3489 2302 3537 seu
2327 3461 2636 3567 angariis
2659 3490 2740 3538 ac
2757 3462 3048 3567 paratis,
3065 3466 3301 3541 necin
3326 3465 3512 3546 fide·

675 3593 1124 3702 jussoribus,
1169 3622 1308 3671 nec
1348 3593 1426 3669 in
1463 3591 1891 3671 hominibus
1929 3607 2080 3667 tam
2115 3589 2453 3698 ingenuis
2493 3619 2720 3696 quam
2759 3593 2987 3669 servis
3027 3621 3248 3700 supra
3276 3613 3512 3701 potes-

683 3741 911 3803 tatem
939 3723 1267 3831 praedicti
1298 3723 1475 3813 loci,
1508 3721 1588 3800 id
1610 3740 1719 3800 est
1747 3719 2148 3810 BellolocO,
2178 3719 2842 3811 commanentibus,
2874 3750 3120 3829 neque
3148 3722 3506 3817 districte,

683 3883 819 3931 nec
894 3852 1217 3960 aliquam
1290 3852 1816 3930 redibitionem
1882 3851 2048 3928 loco
2107 3851 2362 3926 manui
2424 3867 2689 3933 nostrae
2742 3848 3050 3929 subacto
3110 3851 3508 3960 aliquando

684 3983 953 4062 inferre
984 4002 1400 4089 praesumat.
1427 3981 1667 4062 Simili
1693 3980 1921 4058 modo
1954 3981 2177 4058 etiam
2219 3979 2732 4070 concedimus,
2774 3997 2859 4056 ut
2890 3981 2950 4057 si
2981 3981 3244 4089 aliquis
3270 4001 3510 4061 teme-

684 4113 877 4190 rario
917 4120 1141 4189 ausu⁶
1182 4142 1265 4190 ex
1305 4114 1395 4188 iis
1436 4110 1786 4188 omnibus
1824 4138 1986 4216 quae
2014 4107 2372 4216 jubemus
2413 4107 2526 4185 vel
2568 4108 3040 4185 decernimus
3077 4110 3358 4216 aliquid
3396 4112 3508 4186 in-

685 4240 1005 4348 fringere
1030 4269 1163 4319 seu
1203 4239 1467 4319 violare
1501 4240 1918 4328 tentaverit,
1959 4255 2470 4315 sexcentorum
2513 4237 2928 4316 solidorum
2954 4239 3205 4344 precio
3233 4238 3505 4316 damno

687 4370 910 4479 digne
930 4371 1333 4478 judicetur,
1370 4369 1774 4476 usibusque
1812 4367 2120 4446 fratrum
2158 4369 2298 4444 rite
2341 4369 2765 4474 deputetur.
2813 4366 2890 4444 Si
2911 4393 3084 4443 vero
3106 4367 3507 4444 vocationis

687 4499 944 4579 divinae
975 4517 1267 4606 tempus
1300 4499 1547 4576 abbati
1587 4498 1935 4605 praedicto
1971 4514 2098 4575 aut
2126 4497 2348 4575 alicui
2375 4523 2881 4575 successorum
2912 4496 3071 4604 ejus
3092 4494 3502 4589 advenerit,

768 4814 788 4844 ³
832 4815 1187 4877 Hor-muricus
1214 4817 1281 4879 B.
1312 4815 1424 4879 SG.
1444 4827 1514 4878 'et
1534 4813 1638 4878 Ch.
2260 4814 2279 4847 ⁸
2319 4813 2578 4879 Sinnium
2606 4812 2713 4875 Ch.
2733 4812 2970 4876 Saniaco
2992 4814 3105 4878 SG.

768 4913 788 4947 ‘
834 4916 1177 5002 Gadafivdm
1198 4918 1265 4981 B.
1289 4930 1347 4980 et
1362 4917 1469 4980 Ch.
2254 4918 2274 4948 ⁸
2317 4917 2411 4980 Sic
2438 4915 2563 4979 Bal.
2593 4917 2903 4979 temerarius
2925 4917 3064 4984 ausit
3092 4915 3160 4977 B.
3186 4926 3244 4976 et
3271 4912 3386 4977 SG.
