4442 5769
924 549 1075 619 276
1934 546 2741 621 CHARTULARIUM

926 715 1345 824 exemplum
1384 744 1693 795 suorum
1738 717 2365 824 praedecessorum
2407 717 2789 823 sequendo
2819 714 3054 794 voluit
3091 714 3399 804 imitari,
3433 731 3506 793 et
3539 716 3770 792 nomi-

921 865 1175 942 Qtum
1205 847 1582 926 castellum
1612 876 1749 955 pro
1778 866 1985 955 parte
2015 876 2145 925 sua
2165 909 2182 939 ,
2218 847 2314 926 de
2346 876 2575 925 manu
2600 847 2795 925 Petri
2830 846 2925 924 de
2959 847 3225 925 Sancto
3259 848 3574 934 Sereno,
3607 845 3773 924 Bel-

923 977 1294 1058 lilocensis
1332 979 1681 1068 abbatis⁴,
1713 979 2026 1085 accepit,
2062 997 2135 1057 et
2166 977 2591 1056 hominium
2627 997 2702 1057 et
2731 977 3171 1056 fidelitatem
3211 977 3278 1054 ei
3319 975 3527 1068 fecit,
3560 976 3770 1054 tactis

925 1138 1205 1189 sacrosa
1215 1110 1403 1188 nctis
1422 1108 1833 1219 Evangeliis
1856 1127 1930 1188 et
1955 1110 2293 1217 reliquiis
2313 1139 2397 1187 su
2405 1137 2538 1216 per
2562 1108 2788 1187 altare
2813 1109 2894 1187 B.
2912 1108 3182 1185 Emelii
3206 1108 3463 1216 positis
3483 1168 3499 1196 ,
3521 1107 3771 1184 multis

924 1239 1104 1318 hinc
1143 1241 1337 1327 inde,
1351 1242 1757 1320 astantibus
1786 1241 2170 1319 monachis
2210 1258 2285 1319 et
2324 1241 2741 1319 laicis.1tem
2777 1240 2873 1317 de
2909 1239 3448 1318 consuetudine
3477 1236 3773 1316 Bellilo·

928 1373 1164 1449 censis
1202 1371 1524 1450 ecclesiae
1564 1373 1970 1482 antiquitus
2007 1372 2376 1480 possessio
2418 1372 2758 1451 continua
2809 1370 2906 1447 ad
2951 1399 3088 1449 nos
3124 1397 3366 1477 usque
3416 1371 3767 1458 manavit,

930 1520 1034 1594 et,
1075 1505 1237 1582 Deo
1279 1503 1759 1611 disponente,
1797 1520 2161 1612 perpetuo
2202 1501 2642 1580 indeficiens
2684 1501 3235 1581 conservabitur
3268 1503 3474 1608 quod
3513 1501 3770 1579 domni

931 1635 1025 1711 de
1068 1632 1449 1711 Cavanhac
1489 1652 1564 1712 et
1602 1662 1869 1712 uxores
1918 1662 2213 1720 eorum,
2260 1651 2336 1710 et
2381 1632 2519 1710 filii
2566 1651 2959 1740 postquam
3003 1630 3278 1710 milites
3318 1631 3562 1709 effecti
3607 1629 3772 1708 fue-

926 1783 1137 1856 runt,
1176 1766 1236 1843 si
1269 1765 1469 1872 apud
1502 1765 1918 1845 Cavanbac⁵
1951 1764 2066 1841 vel
2100 1765 2177 1841 in
2210 1764 2547 1872 partibus
2573 1765 2845 1842 nostris
2875 1764 3310 1851 moriantur,
3352 1763 3428 1838 in
3468 1761 3772 1841 Bellilo-

928 1896 1127 1973 censi
1168 1896 1553 2004 cymiterio
1592 1895 2104 2003 sepeliantur⁶.
2132 1896 2320 1972 Hinc
2351 1913 2463 1973 est
2499 1893 2708 2001 quod
2744 1892 3051 1999 quidam
3086 1910 3337 1970 noster
3365 1893 3774 1971 monachus

929 2024 1346 2133 Stephanus
1391 2027 1485 2104 de
1522 2026 2004 2116 Curamonta,
2054 2025 2637 2104 obedientiarius
2680 2025 2775 2102 de
2814 2025 3054 2115 Friac,
3098 2022 3455 2131 quasdam
3505 2042 3768 2112 terras,

882 2263 888 2270 Ι
929 2185 1270 2235 censuras
1310 2176 1386 2236 et
1422 2158 1751 2250 rentais⁷,
1785 2187 1968 2265 quas
1996 2157 2196 2265 apud
2227 2154 2606 2236 Cavanhac
2646 2173 2720 2234 et
2748 2156 2823 2232 in
2851 2154 3240 2263 parrochia
3279 2154 3616 2261 ejusdem
3655 2183 3772 2232 ec—

928 2288 1163 2366 clesiae
1200 2290 1670 2381 tenebamus,
1712 2317 2004 2368 necnon
2047 2307 2123 2367 et
2161 2289 2307 2367 hoc
2343 2289 2552 2395 quod
2589 2287 2932 2365 homines
2970 2286 3065 2364 de
3106 2286 3377 2365 Dorval
3416 2286 3510 2365 de
3553 2286 3770 2364 beato

925 2422 1141 2499 Petro
1187 2420 1596 2511 habebant,
1626 2424 1752 2502 W.
1794 2420 2154 2499 Rotberto
2195 2437 2454 2498 mutua
2493 2437 2741 2497 tamen
2779 2419 3247 2527 stipulatione
3257 2478 3494 2495 .....
3515 2423 3542 2466 ⁸
3580 2420 3772 2497 acci-

926 2552 1138 2656 piens
1169 2550 1260 2628 ab
1304 2580 1394 2629 eo
1434 2550 1835 2658 quemdam
1876 2580 2216 2629 mansum
2256 2551 2349 2628 da
2388 2552 2458 2630 la
2487 2550 2866 2645 Olivieira,
2902 2580 3073 2630 cum
3116 2549 3469 2628 omnibus
3506 2578 3773 2657 appen-

929 2681 1131 2760 ditiis
1179 2682 1362 2772 suis,
1412 2683 1540 2791 qui
1581 2701 1692 2760 est
1718 2683 1930 2791 juxta
1957 2683 2202 2760 villam
2244 2682 2337 2760 de
2378 2682 2726 2762 Condat').
2769 2683 2919 2761 Nos
2963 2700 3213 2759 autem
3256 2681 3534 2758 factum
3572 2682 3770 2759 istud

926 2811 1054 2890 tali
1103 2830 1314 2920 pacto
1361 2812 1917 2903 confirmamus,
1962 2842 2045 2892 ea
2092 2813 2519 2893 conditione
2562 2832 2647 2893 ut
2685 2816 2812 2895 W.
2854 2813 3254 2893 Rotbertus
3305 2830 3380 2891 et
3427 2809 3560 2889 filii
3609 2813 3770 2920 ejus

925 2961 1271 3052 praestent
1307 2945 1522 3023 nobis
1561 2943 1791 3021 fidem
1818 2945 2275 3051 jusjurandi,
2319 2962 2403 3022 ut
2444 2945 2539 3022 de
2578 2962 2840 3023 caetero
2879 2944 3078 3050 ipse,
3121 2943 3236 3022 vel
3287 2943 3433 3033 sui,
3477 2942 3592 3020 vel
3632 2941 3770 3019 ali-

926 3075 1094 3181 quis
1124 3103 1426 3153 suorum
1456 3076 2007 3183 propinquitate
2035 3076 2361 3182 generis,
2406 3074 2638 3152 ullam
2665 3075 2781 3153 vel
2809 3075 3091 3153 nullam
3122 3073 3615 3180 calumpniam
3644 3101 3770 3149 su-

923 3234 1060 3312 per
1087 3204 1290 3284 hunc
1327 3234 1668 3284 mansum
1706 3204 1946 3284 facere
1987 3223 2472 3312 praesumant,
2517 3222 2592 3284 et
2629 3206 3047 3284 hominium
3089 3204 3632 3283 obedientiario
3673 3202 3768 3279 de

925 3338 982 3413 F
984 3338 1135 3414 riac
1168 3365 1306 3445 pro
1342 3336 1461 3414 his
1499 3335 1800 3428 faciant,
1832 3336 1968 3414 sed
2002 3336 2199 3415 bona
2241 3335 2392 3415 fide
2429 3355 2503 3414 et
2538 3337 2715 3416 totis
2744 3337 3018 3415 viribus
3057 3335 3400 3414 studeant
3433 3335 3768 3415 laborare

926 3485 1010 3544 ut
1048 3494 1347 3543 mansus
1376 3467 1512 3543 iste
1551 3482 1758 3543 totus
1799 3484 1873 3542 et
1909 3466 2194 3574 integer
2233 3466 2327 3543 ad
2368 3496 2589 3544 usum
2633 3486 2707 3546 et
2744 3467 3193 3546 voluntatem
3230 3470 3770 3545 monachorum

925 3613 1323 3675 remaneat.
1366 3595 1444 3673 Si
1494 3612 1743 3673 autem
1792 3595 2033 3675 facere
2085 3625 2170 3674 ea
2212 3596 2696 3704 neglexerint,
2746 3626 2830 3677 ea
2877 3627 3038 3705 quae
3075 3627 3212 3706 pro
3260 3626 3516 3676 manso
3561 3598 3775 3676 dedi-

925 3755 1127 3815 mus,
1159 3727 1234 3804 in
1266 3755 1445 3834 pace
1480 3744 1559 3805 et
1590 3727 1748 3806 sine
1786 3727 2205 3836 calumpnia
2245 3729 2754 3836 recuperando
2792 3731 3369 3837 possidebimus,
3409 3730 3772 3808 Similiter

924 3860 1050 3939 W.
1076 3859 1505 3950 Rotbertus,
1533 3858 1611 3936 in
1635 3859 2019 3966 praesentia
2045 3862 2123 3938 P.
2152 3859 2419 3968 [Petri]
2449 3861 2733 3939 abbatis
2761 3878 2838 3939 et
2856 3863 3429 3952 monachorum,
3462 3889 3776 3969 cognos—

928 3989 1165 4068 cendo
1215 4005 1522 4068 testatus
1571 4007 1682 4067 est
1733 3990 1938 4097 quod
1991 3991 2149 4098 ipse
2199 4020 2340 4069 nec
2387 3991 2703 4071 heredes
2758 3993 2873 4071 sui
2923 3994 3001 4069 in
3053 3992 3502 4099 quibusdam
3553 3994 3771 4069 terris

926 4122 1195 4199 nostris
1231 4150 1397 4228 quae
1435 4138 1606 4198 sunt
1644 4120 1739 4198 de
1790 4120 1858 4198 la
1903 4120 2320 4203 sacristania
2342 4130 2429 4212 ¹⁰,
2465 4121 2805 4201 videlicet
2837 4155 2855 4200 ε
2899 4122 2959 4201 Α
2997 4121 3397 4216 Pratvielh,
3433 4124 3492 4200 A
3533 4123 3600 4199 la
3630 4125 3772 4203 Va-

972 4443 976 4447 <
1010 4416 1030 4447 ⁴
1074 4416 1193 4491 Qui
1222 4419 1481 4502 primum
1504 4418 1578 4479 ab
1606 4438 1761 4479 anno
1791 4416 1950 4487 1164
1980 4417 2270 4479 abbatiam
2507 4419 2529 4450 ⁸
2569 4417 2786 4481 Caetera
2810 4418 3026 4482 desunt
3058 4419 3215 4505 apud
3248 4442 3300 4481 v.
3332 4419 3404 4480 cl.
3430 4417 3768 4481 Chesnium.
3821 4426 3842 4438 “

925 4519 1114 4580 tenuit
1135 4517 1210 4580 ad
1233 4541 1368 4581 ann.
1391 4543 1413 4582 1
1435 4541 1567 4605 190,
1593 4542 1713 4604 quo
1737 4543 1865 4582 eam
1888 4521 2170 4583 Umberto
2190 4521 2270 4583 di·
2508 4520 2526 4550 ⁷
2570 4522 2666 4585 Sic
2688 4523 2755 4585 C.
2786 4535 2963 4585 nutas
2990 4522 3140 4590 SG.;
3172 4523 3336 4585 deest
3362 4522 3430 4584 Β.

922 4623 1104 4691 misit,
1136 4633 1479 4707 posteaque,
1503 4623 1577 4684 ab
1595 4646 1751 4686 anno
1782 4627 1965 4694 1204,
1989 4625 2270 4687 Umberto
2505 4623 2525 4654 ⁸
2561 4624 2658 4687 Sic
2686 4626 2755 4687 B.
2789 4637 2849 4687 et
2879 4625 3022 4693 SG.;
3053 4627 3116 4687 in
3147 4625 3346 4687 codice
3375 4624 3450 4686 de
3471 4624 3644 4686 Costa
3664 4646 3772 4684 vox

922 4723 1199 4787 defuncto
1218 4727 1335 4786 sive
1353 4726 1615 4808 regimen
1634 4737 1891 4789 cessante
1905 4775 1919 4799 ,
1940 4727 2271 4789 ooenobium
2423 4726 2673 4789 habetur
2694 4749 2873 4812 quam
2896 4727 3092 4812 legere
3115 4729 3504 4812 nequivimus.

924 4828 1305 4890 Bellilocense
1333 4831 1549 4891 iterum
1573 4832 1930 4892 ministravit.
2508 4829 2528 4861 ⁹
2576 4830 2792 4894 Condac
2811 4832 2883 4895 B.

1012 4930 1031 4961 ⁵
1079 4931 1388 5016 Cavaiqnac
1415 4932 1483 4995 B.
2511 4932 2552 4964 ¹⁰
2594 4933 2930 4998 Sacmtaria
2958 4934 3074 5001 SG.
