4442 5769
933 579 1078 649 260
1950 567 2750 646 CHARTULARIUM

926 759 1269 821 testatem
1309 743 1404 820 ad
1445 742 1526 819 id
1564 742 2016 819 faciendum.
2053 744 2200 820 Nos
2239 742 2468 852 igitur
2504 742 2580 817 in
2629 742 2767 820 Dei
2814 740 3120 817 nomine
3159 736 3648 817 Gotal'redus²
3689 753 3763 814 et

928 902 1117 951 uxor
1150 902 1315 951 mea
1351 871 1788 980 Gerberga³,
1833 872 2174 950 cedimus
2217 872 2496 949 dilecto
2537 870 2696 949 filio
2729 887 2987 948 nostro
3027 868 3435 948 Gotafredo
3475 885 3760 946 curtem

928 1021 1252 1083 nostram
1295 1033 1460 1111 quae
1503 1021 1802 1081 vocatur
1837 1002 2282 1093 Cundadus,
2325 1030 2499 1079 cum
2544 1002 2702 1107 ipsa
2745 1000 3050 1079 ecclesia
3090 1029 3256 1109 quae
3294 1017 3405 1077 est
3456 998 3763 1076 fundata

928 1138 1001 1211 in
1043 1135 1412 1212 honorem
1454 1136 1529 1213 S.
1574 1134 1854 1222 Mariae,
1903 1162 2067 1210 cum
2111 1132 2391 1239 campis
2433 1131 2831 1210 dominicis
2875 1148 2953 1209 et
2988 1146 3233 1238 prato,
3278 1148 3354 1208 et
3391 1146 3760 1237 quantum

925 1266 1019 1342 ad
1058 1264 1295 1371 ipsam
1335 1282 1621 1342 curtem
1664 1263 1919 1370 aspicit
1954 1281 2082 1340 aut
2120 1264 2448 1369 aspicere
2487 1262 2803 1340 videtur.
2847 1260 3210 1341 Similiter
3244 1259 3495 1338 villam
3522 1289 3762 1338 meam

926 1425 1091 1503 quae
1123 1396 1398 1472 dicitur
1424 1393 1897 1483 Dulcevallis,
1938 1411 2014 1471 et
2045 1411 2409 1500 quantum
2446 1392 2541 1469 ad
2579 1394 2812 1500 ipsam
2844 1392 3094 1470 villam
3124 1392 3384 1498 aspicit
3411 1407 3543 1468 aut
3571 1391 3764 1497 aspi-

927 1554 1092 1603 cere
1143 1525 1457 1603 videtur.
1483 1517 1603 1603 ‘Et
1646 1526 1724 1602 in
1764 1524 1905 1602 alio
1956 1524 2157 1612 loco,
2213 1523 2428 1601 aliam
2480 1522 2724 1600 villam
2767 1552 2935 1631 quae
2986 1522 3262 1599 dicitur
3302 1523 3758 1600 Junciacusae

925 1657 1018 1732 Et
1046 1653 1265 1732 aliam
1296 1655 1543 1733 villam
1575 1684 1738 1763 quae
1762 1671 2065 1733 vocatur
2082 1653 2565 1761 Ampuliacus
2584 1713 2601 1742 ,
2637 1672 2711 1731 et
2735 1670 3100 1760 quantum
3130 1653 3225 1729 ad
3253 1653 3486 1758 ipsam
3515 1650 3761 1728 villam

924 1786 1184 1891 aspicit
1227 1803 1357 1863 aut
1394 1785 1721 1892 aspicere
1761 1785 2082 1862 videtur.
2123 1786 2218 1860 Et
2258 1783 2334 1859 in
2383 1782 2551 1860 villa
2593 1783 2951 1890 Niiogilo,
3000 1809 3298 1860 mansos
3345 1798 3642 1860 nostros
3691 1799 3768 1859 et

924 1933 1288 2021 quantum
1334 1917 1412 1991 in
1440 1903 1617 2023 'ipsa
1655 1914 1829 1993 villa
1865 1915 1997 1992 visi
2047 1943 2310 1993 sumus
2358 1913 2670 2002 habere,
2715 1913 2828 1991 vel
2867 1931 3119 1992 nostra
3158 1912 3343 1990 inibi
3369 1913 3572 2020 justa
3610 1940 3768 1988 cer-

925 2046 1132 2123 nitur
1171 2074 1329 2124 esse
1364 2046 1755 2152 possessio.
1799 2044 2161 2123 Similiter
2205 2045 2285 2121 in
2326 2044 2466 2121 alia
2500 2042 2702 2133 villa,
2751 2073 2918 2151 quae
2954 2044 3231 2121 dicitur
3266 2041 3386 2120 Ad
3425 2044 3764 2121 Mansum

924 2176 1349 2266 Arcanaldi,
1397 2193 1472 2253 et
1503 2194 1869 2283 quantum
1912 2177 2006 2252 ad
2045 2175 2281 2282 ipsam
2324 2174 2572 2251 villam
2613 2175 2874 2281 aspicit
2912 2191 3040 2252 aut
3075 2177 3404 2281 aspicere
3447 2173 3760 2251 videtur.

926 2306 1290 2384 Similiter
1325 2306 1403 2383 in
1442 2305 1612 2382 villa
1640 2304 1901 2393 Tullo,
1948 2333 2248 2382 mansos
2280 2322 2462 2392 tres,
2507 2333 2682 2382 cum
2723 2304 2955 2383 vineis
2989 2305 3105 2383 vel
3144 2305 3395 2394 terris,
3432 2322 3505 2382 et
3536 2333 3766 2412 quan-

925 2453 1088 2513 tum
1130 2437 1223 2514 ad
1262 2437 1463 2541 ipsos
1512 2464 1811 2513 mansos
1867 2437 2159 2542 aspicit,
2211 2454 2289 2512 et
2330 2435 2528 2539 justa
2578 2436 2908 2513 cernitur
2952 2464 3112 2514 esse
3157 2436 3547 2542 possessio.
3599 2437 3768 2512 Haec

928 2566 1179 2642 omnia
1219 2566 1565 2670 superius
1594 2566 2008 2654 nominata,
2055 2594 2226 2642 cum
2258 2566 2524 2655 vineiS,
2558 2566 2808 2656 terris,
2842 2566 3102 2673 pratis,
3139 2566 3367 2657 silvis,
3400 2564 3769 2643 molendi-

928 2695 1079 2785 nis,
1114 2696 1327 2801 aquis
1356 2723 1804 2801 aquarumve
1848 2695 2316 2785 decursibus,
2355 2712 2431 2774 et
2464 2696 2852 2802 mancipiis
2878 2725 3097 2803 supra
3129 2695 3607 2774 manentibus
3636 2724 3770 2773 seu

926 2823 1101 2933 fuga
1128 2823 1381 2933 lapsis,
1416 2827 1666 2904 omnia
1697 2842 1771 2904 et
1801 2855 1889 2903 ex
1917 2825 2273 2904 omnibus
2304 2843 3000 2934 quantumcumque
3043 2827 3138 2904 ad
3173 2827 3363 2933 ipsas
3403 2825 3608 2903 villas
3643 2855 3769 2904 su-

930 2958 1181 3065 perius
1221 2957 1452 3035 dictas
1495 2957 1755 3064 aspicit
1791 2974 1921 3033 aut
1962 2958 2289 3064 aspicere
2333 2957 2653 3045 videtur,
2686 2974 2935 3034 totum
2974 2974 3050 3035 et
3088 2958 3179 3033 ad
3222 2958 3597 3064 integrum
3634 2984 3770 3034 nos

927 3087 1068 3164 tibi
1110 3087 1476 3178 cedimus,
1525 3105 1607 3165 ut
1651 3088 1872 3165 facias
1913 3088 2179 3165 exinde
2229 3088 2308 3164 in
2354 3087 2708 3165 omnibus
2755 3086 3120 3195 quicquid
3167 3086 3498 3195 elegeris.
3543 3088 3765 3181 Sane,

929 3219 1138 3326 quod
1178 3219 1490 3296 minime
1533 3219 1944 3310 credimus,
1989 3219 2048 3295 si
2093 3218 2435 3324 nosipsi,
2486 3219 2877 3295 immutata
2909 3218 3287 3295 voluntate
3327 3236 3610 3305 nostra,
3642 3236 3770 3296 aut

932 3349 1129 3427 ullus
1164 3349 1385 3426 heres
1413 3364 1691 3438 noster,
1725 3348 1837 3425 vel
1867 3348 2021 3425 ulla
2051 3347 2378 3427 immissa
2418 3377 2769 3454 persona,
2814 3366 3072 3427 contra
3107 3350 3514 3427 cessionem
3557 3348 3766 3427 istam

929 3481 1155 3559 ullam
1201 3482 1645 3558 calumniam
1690 3508 2043 3587 generare
2084 3483 2486 3575 conaverit,
2531 3499 2933 3589 componat
2958 3483 3099 3560 tibi
3138 3500 3430 3561 tantum
3464 3500 3538 3561 et
3569 3482 3768 3561 aliud

930 3627 1223 3688 tantum
1245 3627 1610 3716 quantum
1645 3611 1813 3716 {psae
1841 3639 1963 3687 res
1989 3610 2332 3718 superius
2358 3613 2641 3718 scriptae
2669 3614 2978 3721 ulloque
3007 3630 3349 3722 tempore
3374 3613 3770 3692 melioratae

933 3739 1327 3831 valuerint,
1371 3758 1446 3818 et
1484 3741 1692 3849 quod
1730 3741 1917 3847 petit
1952 3770 2106 3819 non
2154 3742 2517 3833 vindicet,
2565 3745 2697 3822 sed
2747 3774 3070 3853 praesens
3111 3746 3342 3823 cessio
3395 3747 3531 3823 ista
3559 3746 3770 3822 firma

937 3890 1013 3948 et
1067 3871 1348 3949 stabilis
1405 3889 1835 3979 permaneat
1884 3901 2054 3948 cum
2102 3872 2581 3979 stipulatione
2637 3875 2974 3953 subnixa.
3028 3877 3321 3953 Factam
3378 3877 3569 3952 ha'nc
3617 3904 3771 3951 ces-

936 4003 1226 4080 sionem
1268 4003 1345 4078 in
1384 4029 1643 4080 mense
1684 4001 2153 4092 novembrio,
2188 4032 2385 4080 anno
2417 4031 2581 4084 xxvi
2611 4005 2859 4083 Karoli
2895 4006 3363 4113 imperatoris
3379 4014 3426 4082 ⁵.
3459 4006 3772 4113 Signum

934 4132 1365 4212 Godefredi.
1420 4134 1494 4210 S.
1546 4132 2083 4242 Gerbergane⁶‚
2138 4135 2268 4241 qui
2320 4136 2732 4213 cessionem
2787 4165 2827 4212 a
2877 4136 3097 4214 nobis
3154 4134 3418 4214 factam
3478 4136 3642 4213 fieri
3695 4152 3775 4241 ,0¹³

935 4265 1325 4345 adfirmare
1379 4283 1846 4373 rogaverunt.
1890 4267 1977 4344 S.·
2013 4266 2419 4345 Gotasredi.
2472 4269 2545 4345 S.
2592 4267 2920 4347 Rodulfi.
2968 4270 3043 4347 S.
3088 4267 3474 4345 Meinaldi.
3527 4267 3603 4345 S.
3653 4267 3770 4345 Ai-

937 4396 1158 4474 cardi.
1191 4398 1266 4475 S.
1296 4396 1790 4503 Ragamsredi.
1816 4397 1892 4475 S.
1918 4397 2347 4477 Costarii.S.
2371 4399 2662 4476 Beraldi
2680 4408 2730 4475 ⁷.
2758 4401 2833 4479 S.
2859 4398 3277 4478 Gariberni.
3310 4400 3384 4477 S.
3410 4386 3772 4476 Rotberti.

1021 4634 1039 4662 ²
1083 4633 1431 4696 Gotasredus
1468 4638 1576 4697 iste
1627 4636 1782 4699 filius
1833 4639 2066 4701 Rodum
2106 4642 2276 4702 comi·
2516 4640 2535 4670 ⁸
2578 4641 2770 4703 Caroli
2835 4652 3223 4727 cognomento
3282 4640 3437 4700 Calvi
3462 4687 3477 4709 ,
3546 4639 3650 4721 qui
3718 4640 3778 4697 in

932 4739 1034 4806 tis.
1062 4748 1121 4797 et
1150 4739 1276 4820 ipse
1302 4738 1698 4801 Turennensis
1727 4764 1922 4803 comes
1952 4744 2078 4804 suit.
2430 4766 2629 4807 mense
2648 4747 2820 4829 junio
2845 4746 2983 4806 anni
3013 4746 3137 4815 840
3163 4764 3406 4827 regnare
3434 4742 3621 4825 coepit.

1021 4840 1040 4870 ³
1088 4840 1360 4925 Gathar-911
1390 4843 1452 4903 Β.
1486 4843 1785 4930 Geriberya
1812 4844 1876 4906 C.
2516 4848 2536 4878 ⁶
2584 4847 2955 4932 Gir-beryanne
2985 4849 3049 4909 B.

1023 4942 1042 4971 ⁸
1082 4943 1401 5006 Lamiae-us
1428 4947 1493 5007 B.
1526 4947 1849 5009 Laniciacus
1866 4948 1979 5011 SG.
2516 4951 2533 4980 ⁷
2582 4948 2810 5013 Geraldi
2835 4949 2942 5012 Ch.
