4442 5769
1799 591 2606 668 INTRODUCTION.
3433 623 3635 672 cmxxv

782 764 1017 875 grand
1059 791 1276 869 payns
1319 779 1394 840 et
1433 762 1526 839 de
1574 761 1643 839 la
1682 761 1977 840 vicairie
2023 789 2124 839 ou
2178 761 2284 839 du
2322 766 2793 851 ministeriam,
2839 779 2914 840 et
2949 761 3141 841 alors
3180 792 3316 841 son
3358 765 3635 894 itnpor-

783 917 991 976 tanee
1031 914 1110 974 et
1144 893 1713 1002 probablement
1749 895 1948 971 aussi
1988 922 2123 971 son
2155 895 2477 971 etendue
2518 894 3151 973 s’amoindrissent
3173 903 3218 971 ¹.

897 1029 1084 1107 Mais
1123 1026 1180 1104 il
1219 1042 1331 1104 est
1369 1033 1410 1103 ὲ
1446 1010 1884 1133 remanquer
1913 1054 2098 1132 que,
2131 1031 2379 1103 meme
2412 1026 2596 1104 dans
2630 1056 2713 1105 ce
2757 1026 3055 1104 dernier
3078 1055 3244 1116 eas,
3275 1026 3517 1103 l'aram
3552 1057 3636 1105 se

786 1158 1180 1238 maintient
1215 1157 1612 1237 au-dessus
1652 1157 1747 1234 de
1795 1156 1864 1233 la
1908 1158 2113 1242 villa,
2154 1157 2477 1265 puisque
2518 1175 2708 1235 cette
2762 1157 3080 1236 division
3121 1158 3402 1264 agi-aire
3443 1188 3490 1265 y
3530 1176 3638 1237 est

783 1307 1177 1369 eontenue.

895 1423 1096 1500 Dans
1133 1437 1345 1499 notre
1373 1420 1625 1497 charte
1655 1447 1918 1509 chvu,
1953 1449 2036 1500 ce
2072 1437 2235 1499 mot
2256 1425 2499 1527 parait
2538 1450 2617 1499 se
2649 1420 3061 1501 eonsondre
3097 1449 3268 1497 avec
3302 1420 3496 1498 celui
3541 1420 3637 1500 de

785 1557 1049 1633 vicaria
1076 1586 1100 1628 .-
1129 1589 1154 1621 a
1181 1553 1340 1630 Hoc
1375 1567 1489 1630 est
1517 1569 1803 1629 curtem
1835 1580 2079 1629 meam
2121 1582 2289 1659 quae
2312 1570 2615 1631 vocatur
2639 1553 3122 1632 Cantedunus
3139 1612 3305 1630 .....
3349 1552 3477 1659 qui
3524 1571 3637 1630 est

788 1686 863 1763 in
895 1713 1086 1791 pago
1121 1682 1615 1772 Limovicino‚
1661 1683 1739 1758 in
1770 1682 2036 1759 vicaria
2066 1684 2506 1774 Usercense‚
2541 1702 2617 1760 et
2654 1684 2886 1761 alium
2916 1711 3287 1774 mansum,
3329 1701 3444 1759 etc
3461 1742 3635 1761 .....

791 1834 864 1892 et
903 1819 970 1892 in
1012 1818 1154 1918 ipso
1192 1842 1345 1902 aro,
1391 1813 1470 1890 in
1508 1813 1675 1891 loco
1715 1813 1835 1890 cui
1876 1814 2324 1891 vocabulum
2367 1831 2477 1891 est
2515 1815 2894 1905 Fabi-icas,
2940 1843 3235 1892 mansos
3275 1813 3467 1893 duos
3506 1814 3636 1893 ubi

787 1943 1333 2025 Gandalfredus
1360 1961 1434 2021 et
1451 1943 1827 2022 Johannes
1866 1943 1997 2021 visi
2030 1961 2201 2021 sunt
2224 1973 2550 2021 manere.
2585 1983 2610 2012 ι·
2643 1944 2918 2022 L’aram
2961 1962 3072 2022 est
3110 1945 3203 2022 ici
3246 1945 3638 2051 superieur

790 2085 832 2155 ὰ
877 2076 947 2153 la
991 2077 1159 2155 villa
1210 2104 1313 2153 ou
1362 2077 1584 2162 locas,
1622 2075 1750 2182 qui
1799 2103 1878 2152 se
1915 2074 2296 2153 subdivise
2339 2103 2434 2152 en
2467 2074 2839 2182 plusieurs
2887 2103 3213 2166 mansesg
3259 2076 3312 2152 il
3351 2105 3429 2154 se
3472 2105 3637 2182 rap-

788 2207 1066 2314 proehe
1084 2209 1744 2314 consequemment
1765 2206 1860 2282 de
1885 2206 1952 2282 la
1980 2209 2250 2284 vicaria
2290 2208 2667 2285 Usercensis
2690 2207 3036 2284 nommee
3065 2206 3246 2283 dans
3274 2206 3381 2283 les
3400 2206 3639 2314 lignes

788 2337 1305 2445 precedenteS‚
1349 2354 1424 2414 et
1466 2364 1658 2414 nous
1700 2364 2027 2414 sommes
2064 2337 2247 2414 ainsi
2295 2336 2618 2414 autorise
2663 2344 2705 2413 ἐι
2753 2337 2823 2414 le
2875 2338 3303 2415 consider-er
3340 2367 3635 2415 comme

795 2471 993 2546 etant
1029 2476 1259 2575 {spen
1288 2473 1460 2574 pres
1498 2466 1968 2574 l'equivalent
2007 2465 2101 2545 de
2134 2466 2357 2545 l'aicis
2397 2495 2502 2545 ou
2540 2472 2790 2546 aizam.

897 2600 1098 2678 Dans
1135 2598 1205 2676 la
1233 2598 1482 2676 charte
1510 2624 1772 2676 enxvm
1792 2659 1810 2688 ‚
1852 2599 1922 2676 le
1960 2616 2202 2676 terme
2245 2597 2602 2687 descend,
2630 2628 2724 2676 au
2756 2598 3157 2689 contraire,
3193 2606 3233 2677 ὲ
3261 2597 3329 2675 la
3358 2599 3641 2706 signifi-

793 2730 1034 2811 cation
1067 2730 1161 2808 de
1191 2728 1487 2837 village,
1532 2746 1608 2805 et
1646 2729 1948 2806 devient
1985 2736 2027 2805 a
2056 2757 2209 2835 peu
2235 2735 2407 2835 pres
2441 2758 2853 2838 synonyme
2887 2729 2981 2806 de
3012 2730 3181 2807 villa
3212 2764 3233 2806 .-
3276 2768 3300 2797 ·
3328 2732 3486 2807 Hoc
3528 2747 3641 2808 est

789 2890 1079 2940 mansos
1117 2890 1328 2939 meos
1360 2859 1491 2968 qui
1535 2876 1709 2938 sunt
1752 2860 1831 2937 in
1869 2888 2060 2970 pago
2109 2860 2606 2952 Limovieino,
2651 2861 2728 2937 in
2762 2861 3026 2938 vicaria
3068 2861 3518 2950 Asnacense,
3565 2863 3639 2938 in

786 2992 949 3069 vifla
990 2993 1203 3100 cujus
1239 2990 1680 3069 vocabulum
1721 3009 1833 3070 est
1861 2990 2182 3069 Lusidus
2188 3051 2354 3068 .....
2393 3009 2468 3068 et
2498 2992 2575 3068 in
2604 2991 2752 3069 alio
2790 2992 2992 3081 loco,
3032 2991 3111 3068 in
3151 2992 3421 3069 eodem
3448 3021 3637 3099 pago

791 3142 864 3200 et
908 3125 989 3200 in
1038 3122 1301 3200 eadem
1351 3123 1648 3213 vicaria,
1700 3122 1781 3198 in
1832 3121 2002 3200 loco
2049 3123 2181 3228 qui
2231 3140 2536 3199 vocatur
2583 3122 2945 3229 Rabiago‚
2995 3139 3228 3198 terras
3276 3139 3351 3198 et
3397 3122 3631 3200 silvas.

789 3253 956 3330 Haee
993 3253 1243 3331 omnia
1280 3253 1623 3358 superius
1671 3251 2051 3329 nominata
2098 3268 2174 3329 et
2219 3252 2471 3329 omnia
2510 3280 2674 3356 quae
2716 3252 2807 3329 ad
2856 3252 3059 3356 ipsos
3113 3281 3411 3330 mansos
3452 3254 3639 3358 aspi-

792 3384 998 3462 ciunt
1005 3443 1131 3462 .....
1175 3401 1253 3461 et
1280 3401 1645 3491 quantum
1681 3381 1961 3490 praefati
1997 3382 2347 3460 homines
2382 3382 2464 3459 in
2505 3383 2949 3489 supradietis
2991 3385 3296 3471 mansiS‚
3340 3402 3492 3460 tam
3524 3384 3638 3460 in-

783 3531 910 3591 tus
940 3513 1104 3592 villa
1140 3541 1365 3620 quam
1394 3513 1575 3591 foris
1605 3512 1806 3603 vilia,
1853 3516 1918 3590 in
1959 3541 2115 3602 aro,
2151 3513 2602 3591 habuerunt.
2636 3551 2662 3582 ι
2694 3514 2800 3591 Le
2838 3532 3091 3630 terme·
3119 3514 3306 3592 dont
3344 3514 3397 3590 ii
3439 3515 3642 3619 s'agit

791 3644 1074 3724 semble
1112 3646 1314 3724 avoir
1341 3644 1437 3722 ici
1479 3644 1548 3722 le
1589 3673 1761 3721 sens
1793 3672 2059 3752 vague‚
2105 3642 2454 3733 indefini‚
2502 3644 2605 3722 du
2640 3662 2809 3723 mot
2846 3644 3153 3743 franeais
3185 3647 3467 3724 endroit.

1811 3865 1908 3926 111.
1946 3863 2208 3937 Centena,
2241 3865 2297 3926 la
2327 3865 2612 3928 eentaine.

906 4037 1008 4112 La
1046 4035 1419 4126 cenwine,
1453 4041 1678 4141 apres
1691 4036 1892 4113 avoir
1925 4034 2206 4125 forme,
2247 4036 2579 4142 pendant
2617 4065 2724 4114 un
2751 4064 2948 4115 assez
2978 4036 3154 4145 long
3183 4053 3461 4145 temps,
3496 4068 3640 4115 une

796 4167 1060 4274 simple
1103 4167 1421 4244 division
1468 4167 1955 4273 numerique,
2012 4185 2087 4255 et
2137 4167 2444 4274 designe
2492 4195 2641 4245 une
2702 4168 3281 4278 agglomeration
3326 4170 3422 4245 de
3470 4198 3641 4275 per-

794 4323 1064 4375 sonnes
1102 4298 1390 4375 edietee
1422 4326 1554 4404 par
1589 4297 1698 4376 les
1725 4297 1882 4376 rois
1919 4296 2163 4376 francs
2201 4298 2389 4377 dans
2423 4329 2529 4376 un
2568 4299 2703 4377 but
2747 4298 2841 4377 de
2881 4299 3186 4406 police2‚
3228 4301 3376 4407 prit
3416 4300 3485 4375 le
3528 4329 3641 4376 ca—

795 4436 1072 4504 ractere
1114 4429 1331 4505 d'une
1373 4427 1691 4508 division
1728 4429 2308 4537 geographique.

797 4665 1100 4727 chat-tuln.
1135 4666 1351 4729 Eccles.
1393 4668 1642 4730 Cadure.
1674 4667 1848 4752 Apud
1881 4666 2135 4729 Glossar.
2292 4707 2376 4719 -
2415 4698 2437 4728 ι
2458 4673 2525 4734 ln
2560 4673 2770 4735 vicaria
2821 4671 3196 4735 Serniacense
3212 4720 3225 4744 ,
3267 4676 3329 4734 in
3378 4696 3480 4735 aro
3514 4688 3645 4758 quae

797 4768 933 4829 edit.
962 4770 1167 4840 Didot,
1192 4780 1232 4830 t.
1265 4771 1346 4840 l“‚
1378 4793 1432 4854 p.
1461 4773 1614 4840 lma,
1646 4770 1755 4832 eol.
1785 4769 1863 4851 3.)
2295 4786 2548 4845 vocatur,
2577 4786 2685 4837 etc.
2708 4803 2730 4831 ι
2763 4775 2875 4857 (Ex
2902 4773 3146 4837 chartul.
3176 4776 3503 4839 Conchens.
3540 4778 3629 4837 loc.

886 4870 899 4901 ¹
947 4900 968 4925 ι
988 4873 1063 4933 Et
1089 4875 1215 4957 ipsa
1239 4894 1331 4934 res
1359 4875 1423 4934 in
1440 4894 1592 4959 pago
1623 4873 1917 4943 Rotinieo,
1943 4874 2007 4934 in
2031 4873 2139 4935 mi·
2268 4879 2417 4959 'cit.)

802 4973 1033 5036 nisterio
1047 4975 1457 5047 Condadense‚
1473 4980 1534 5039 in
1550 5000 1652 5039 aro
1671 4978 2095 5061 deGamguas.
2118 5007 2140 5035 ι
2379 4979 2400 5010 ²
2443 4979 2807 5043 childeberti
2836 4983 2988 5063 regis
3019 4980 3275 5042 decretio
3290 5030 3303 5052 ,
3323 5002 3457 5041 ann.
3489 4982 3609 5063 595
3628 5030 3641 5049 ‚
