4442 5769
1364 562 2012 638 MONASTERII
2075 564 2206 637 DE
2274 564 2920 640 BELLOLOCO.
3427 566 3565 637 149

2013 975 2071 1046 X
2082 975 2132 1047 C
2149 975 2203 1047 V
2214 976 2271 1048 I.

1492 1133 1677 1215 [Laxa
1703 1132 2012 1197 Gauzberti
2041 1133 2118 1195 de
2145 1135 2314 1195 vinea
2343 1135 2406 1195 in
2437 1133 2801 1217 Pagaciaco]

835 1333 1324 1409 Sacrosanctae
1370 1330 1687 1410 basilicae
1736 1331 1811 1410 S.
1863 1331 2058 1408 Petri
2113 1322 2466 1409 Belliloci'
2511 1331 2965 1409 monasterii.
3021 1332 3179 1438 Ego
3232 1331 3432 1408 enim
3483 1332 3560 1407 in
3766 1349 3885 1404 Oet.

722 1462 859 1538 Dei
894 1462 1197 1539 nomine
1237 1460 1702 1541 Gausbertus
1740 1490 1878 1568 pro
1909 1460 2249 1539 remedio
2295 1462 2558 1539 animae
2599 1492 2812 1551 meae,
2857 1462 3044 1540 cedo
3084 1462 3180 1538 ad
3210 1461 3363 1569 jam
3404 1462 3555 1539 dic·
3682 1444 3818 1497 cim
3847 1464 3972 1516 97⁰·

717 1607 882 1668 tum
912 1590 1161 1669 locum
1186 1591 1315 1670 ubi
1356 1591 1533 1669 viri¹
1576 1591 2039 1673 venerabiles
2061 1588 2435 1672 Geraldus
2466 1610 2541 1669 et
2567 1591 2865 1702 Adalgis
2904 1591 3207 1671 abbates
3243 1621 3556 1699 praeesse
3703 1630 3749 1673 n.
3779 1646 3823 1688 p.
3853 1647 3945 1674 .‚0.

719 1720 1087 1810 videntur,
1129 1723 1420 1800 vineam
1469 1750 1715 1799 meam
1757 1751 1920 1829 quae
1964 1740 2075 1798 est
2114 1721 2191 1797 in
2232 1720 2419 1800 urbe
2461 1722 2956 1811 Limovicin0‚
3004 1722 3080 1797 in
3125 1722 3388 1799 vicaria
3428 1723 3560 1801 As-
3682 1707 3966 1858 Ρὲἱιὲῗ·

719 1880 1068 1941 nacense‚
1098 1868 1174 1929 et
1212 1853 1289 1928 in
1330 1852 1496 1930 loco
1536 1852 1666 1960 qui
1709 1852 1983 1930 dicitur
2020 1852 2483 1959 Pagaciacus;
2539 1852 2914 1961 habetque
2957 1852 3143 1929 fines
3200 1881 3285 1930 ex
3324 1855 3562 1930 omni·
3757 1856 3760 1857 ⁷

716 1982 858 2059 hus
897 1982 1232 2089 partibus
1282 1999 1560 2060 terram
1613 1980 1689 2061 S.
1749 1956 1967 2059 Petri.
2020 1983 2240 2059 Istam
2298 2011 2473 2060 vero
2522 1983 2816 2061 vineam
2861 1983 3016 2091 jam
3075 1982 3349 2061 dictam
3399 1986 3560 2062 Deo

721 2132 793 2190 et
851 2114 928 2192 S.
990 2113 1211 2191 Petro
1278 2113 1514 2191 offero
1573 2110 1651 2189 in
1709 2108 2104 2220 stipendiis
2153 2114 2737 2203 monachorum,
2818 2115 2896 2190 in
2953 2113 3082 2191 tali
3137 2115 3421 2191 ratione
3481 2133 3563 2191 ut

718 2218 1054 2352 quandiu
1091 2238 1440 2322 advixero
1479 2261 1808 2334 teneam,
1855 2260 1930 2320 et
1959 2244 2170 2321 annis
2199 2244 2546 2356 singulis,
2581 2262 2916 2352 tempore
2957 2244 3377 2334 vindemiae,
3415 2275 3565 2323 sex-

717 2375 945 2452 tarios
985 2374 1177 2452 duos
1211 2373 1303 2452 de
1344 2375 1517 2453 vino
1546 2376 1621 2451 in
1663 2403 1886 2453 censo
1920 2376 2366 2483 persolvam,
2409 2393 2581 2483 post
2613 2393 2936 2454 mortem
2969 2404 3274 2485 quoque
3316 2405 3560 2454 meam

720 2506 795 2583 S.
842 2507 1066 2583 Petro
1106 2521 1489 2582 remaneat
1526 2503 1734 2581 nullo
1780 2505 2366 2583 contradicente.
2411 2506 2605 2584 Sane
2646 2507 2707 2585 si
2747 2508 2950 2614 quis,
2996 2521 3132 2614 ego
3174 2508 3562 2584 immutata

716 2637 1093 2715 voluntate
1122 2665 1323 2726 mea,
1356 2653 1485 2715 aut
1521 2632 1722 2714 ullus
1748 2635 1981 2713 homo
2023 2636 2152 2743 qui
2195 2655 2449 2714 contra
2484 2637 2676 2715 hanc
2715 2639 3130 2716 cessionem
3173 2638 3405 2716 ullam
3448 2670 3564 2716 ca-

714 2767 1081 2845 lumniam
1114 2795 1467 2875 generare
1500 2765 1848 2856 voluerit,
1884 2766 2419 2873 omnipotentis
2455 2768 2597 2846 Dei
2632 2768 2816 2844 iram
2844 2769 3202 2857 incurrat,
3246 2786 3321 2846 et
3355 2771 3561 2876 quod

715 2898 904 3005 petit
943 2927 1097 2975 non
1137 2898 1495 2990 vindicet;
1555 2897 1691 2975 sed
1737 2926 2059 3006 praesens
2098 2891 2333 2977 cessio
2375 2900 2513 2977 ista
2546 2897 2764 2976 firma
2814 2900 2908 2977 sit
2947 2900 3154 2978 omni
3193 2918 3553 3008 tempore.

715 3031 1006 3106 Factam
1064 3028 1255 3106 hanc
1308 3030 1720 3106 cessionem
1762 3030 1838 3106 in
1889 3057 2147 3106 mense
2189 3028 2512 3122 octobri,
2555 3047 2907 3138 regnante
2949 3025 3306 3109 Lotherio
3355 3060 3552 3140 rege.

717 3158 795 3235 S.
832 3158 1230 3237 Gauzberti
1270 3160 1402 3267 qui
1436 3160 1848 3238 cessionem
1877 3159 2068 3237 hanc
2104 3160 2268 3237 fieri
2297 3177 2371 3237 et
2398 3160 2773 3239 adfirmari
2809 3161 3110 3268 rogavit.
3153 3162 3225 3239 S.
3262 3162 3554 3240 Dadoni

717 3290 792 3368 S.
836 3290 1112 3367 iterum
1150 3289 1572 3369 Gauzberti.
1618 3292 1694 3369 S.
1737 3292 2002 3400 Ugoni.
2047 3292 2122 3371 S.
2163 3289 2567 3400 Austorgii.

1983 3749 2280 3822 XCVII.

719 3930 1100 4011 [Gauzfredus
1131 3943 1189 3992 et
1216 3933 1551 3994 Bet-nardus
1581 3934 1891 3997 Petronem
1920 3935 2160 3997 fratrem
2187 3935 2263 3997 ad
2293 3936 2593 3999 clericatus
2622 3936 2890 3999 ordinem
2935 3937 3235 4000 monachis
3267 3940 3519 4000 tradunt.
3531 3941 3552 4020 ]

827 4130 1018 4209 Cum
1060 4130 1452 4238 legualiter
1504 4135 1907 4212 sanccitum
1946 4135 2506 4243 antiquitusque
2544 4153 2884 4214 teneatur
2922 4153 2998 4214 et
3037 4155 3336 4214 cautum
3374 4165 3548 4218 cum
3768 4178 3861 4232 An.

714 4260 1216 4340 oblationibus
1254 4263 1583 4342 Domino
1622 4282 1965 4370 parentes
2004 4294 2177 4344 suos
2210 4267 2507 4345 tradere
2545 4267 2801 4344 filios
2781 4296 2861 4345 m
2898 4267 3177 4374 templo
3216 4269 3358 4346 Dei
3399 4269 3590 4348 Do-
3630 4272 4000 4344 1-0551076·

711 4392 922 4469 mino
952 4391 1269 4470 feliciter
1291 4395 1724 4485 servituroS‚
1755 4396 2280 4502 proculdubio
2311 4398 2458 4475 hoc
2487 4397 2579 4474 de
2611 4397 2879 4475 nostris
2914 4397 3087 4475 filiis
3126 4398 3548 4480 faciendum
3698 4459 3746 4501 Β
3769 4474 3811 4517 ¹,

3647 4532 3749 4576 SG.
3781 4549 3825 4591 p.
3862 4547 3877 4575 ι
3841 4473 3958 4577 „68-

798 4633 815 4664 ¹
873 4634 970 4696 Vir
986 4634 1304 4697 venerabilis
1326 4634 1597 4698 Gemmas
1629 4649 1684 4697 ot
1710 4635 1942 4722 Adalqis
1969 4637 2058 4699 ab·
2209 4640 2575 4722 annum97li
2596 4637 2934 4701 coabbatem
2951 4637 3160 4703 habuit
3178 4641 3555 4726 Adalgflrium
3696 4595 3810 4667 Εἶτ’·
3838 4611 3932 4653 ¹⁸⁸·
4023 4625 4030 4633 ·

712 4736 859 4797 batos
885 4735 1002 4799 SG.
1027 4737 1349 4800 Coabbates
1382 4739 1477 4800 isti
1509 4738 1918 4802 Bellilocenses
1956 4741 2058 4800 mi·
2208 4742 2476 4811 nomine,
2503 4742 2606 4824 qui
2628 4740 2785 4803 idem
2809 4742 3038 4804 videtur
3053 4765 3177 4806 esse
3199 4746 3304 4828 qui
3332 4746 3394 4806 in
3416 4768 3555 4831 prae-

711 4839 1107 4902 nisti-averunt
1122 4838 1462 4935 perannum
1486 4842 1692 4905 saltem
1704 4863 1844 4927 970.
1857 4841 2058 4905 Geral·
2209 4845 2359 4905 senti
2381 4843 2619 4928 Adalgis
2638 4857 3029 4928 nuncupatur.

711 4940 824 5002 dus
842 4943 906 5003 in
935 4965 1091 5006 anno
1122 4955 1438 5029 971·certe
1481 4957 1541 5009 et
1581 4944 1729 5008 forte
1766 4965 1957 5030 usque
1982 4946 2057 5007 ad
