4442 5769
956 566 1102 638 208
1971 565 2782 641 CHARTULARIUM

958 760 1262 848 ceatque
1324 767 1641 847 semper,
1704 756 1779 815 et
1834 737 2188 814 chorusce
2249 732 2659 841 splendeat.
2703 730 3053 810 Universa
3110 758 3335 834 supra
3386 730 3655 837 scripta
3700 732 3795 808 de

958 871 1227 950 Sancto
1259 872 1601 950 Baudilio
1637 869 1838 946 filius
1867 896 2082 946 meus
2118 865 2478 973 Rigaldus
2515 864 2840 941 fmctum
2872 863 3117 940 vivens
3145 877 3428 950 teneat,
3473 878 3551 938 et
3587 865 3796 940 omni

960 1031 1156 1081 anno
1191 1031 1328 1107 per
1358 1004 1557 1078 hunc
1594 1028 1898 1077 censum
1938 997 2235 1076 modios
2274 997 2464 1074 duos
2498 994 2728 1074 solvat
2749 994 2998 1100 quiex
3025 994 3281 1072 nuceis
3305 993 3386 1069 in
3411 991 3600 1070 festo
3629 1021 3800 1098 pre-

960 1134 1131 1212 tiosi
1196 1132 1540 1218 Martini;
1601 1148 1769 1237 post
1817 1131 2023 1206 hunc
2083 1155 2463 1206 excessum
2528 1124 2819 1233 Rigaldi
2841 1184 2858 1213 ,
2927 1123 3135 1201 nullo
3203 1123 3793 1214 contradicente,

964 1265 1037 1340 S.
1091 1262 1323 1339 Patris
1371 1260 1753 1340 Benedicti
1806 1258 2211 1336 famuletur
2259 1256 2567 1333 lumine.
2627 1256 2731 1332 Ita
2789 1254 2921 1332 illa
2969 1254 3063 1355 de
3127 1255 3461 1332 Lavastra
3519 1254 3796 1362 gemini

959 1393 1424 1499 possideant,
1467 1390 1689 1468 ambo
1736 1389 2013 1496 pariter
2060 1387 2365 1468 Geraldi
2415 1403 2770 1464 vocantur
2815 1385 3149 1474 nomine,
3194 1401 3269 1462 et
3315 1385 3419 1463 ita
3465 1386 3587 1464 isti
3631 1413 3802 1491 per·

962 1522 1303 1600 fruantur
1340 1520 1703 1599 fructibus
1741 1553 1758 1595 τ
1800 1547 2038 1597 unum
2083 1517 2428 1596 modium
2469 1515 2566 1593 de
2614 1523 2883 1593 nuces⁷
2919 1515 3237 1593 reddere
3277 1514 3370 1592 iis
3399 1514 3795 1621 jubemus;

962 1671 1131 1760 post
1169 1680 1565 1731 excessum.
1587 1652 1863 1730 horum
1902 1648 2100 1726 Patri
2150 1647 2558 1726 famuletur
2594 1646 2902 1727 lumine.
2945 1647 3152 1723 Hanc
3188 1645 3419 1752 igitur
3454 1646 3647 1723 Patri
3679 1646 3802 1724 be-

962 1787 1188 1890 nigne
1231 1783 1504 1860 donam
1547 1809 1749 1858 nunc
1789 1779 2176 1858 offerimus
2213 1805 2351 1884 pro
2390 1778 2708 1882 peccatis
2736 1776 2967 1882 patris
3011 1777 3245 1854 nostri
3281 1793 3799 1854 nostrorumve

963 1930 1443 2017 peccatorum
1471 1938 1625 2017 quo
1663 1911 2020 1988 remissus
2058 1908 2154 1984 sit
2191 1905 2412 1985 nobis
2463 1906 2538 1981 in
2581 1906 2705 1983 die
2747 1905 3018 2013 judicii
3061 1922 3135 1982 et
3190 1904 3465 1983 habere
3505 1933 3802 1983 merea·

964 2072 1134 2120 mur
1156 2044 1569 2123 Dominum
1600 2041 2037 2148 propitium.
2066 2038 2248 2116 Ideo
2288 2035 2810 2143 praetitulatam
2851 2037 3127 2114 donam
3158 2036 3346 2113 hanc
3379 2035 3800 2124 offerimus;

968 2190 1262 2250 maneat
1298 2171 1724 2250 inconvulsa
1762 2171 2130 2275 firmaque
2170 2167 2678 2274 perhenniter,
2711 2195 2806 2243 ne
2837 2165 3342 2245 calumniosus
3381 2168 3486 2246 ibi
3518 2168 3803 2245 aditum

966 2303 1287 2407 reperiat
1310 2362 1327 2390 ‚
1370 2301 1506 2379 sed
1543 2302 1870 2377 incurrat
1888 2298 2074 2375 iram
2100 2297 2241 2391 Dei
2268 2297 2623 2376 confusus
2647 2297 2726 2373 in
2747 2296 3044 2376 baratro
3071 2325 3244 2373 cum
3272 2296 3379 2374 eis
3397 2297 3534 2403 qui
3562 2298 3805 2375 Salva-

964 2435 1112 2509 tori
1158 2433 1502 2510 omnium
1541 2459 1754 2508 voces
1793 2430 2113 2507 clamant
2152 2457 2173 2503 z
2212 2428 2478 2508 Recede
2517 2457 2562 2504 a
2609 2428 2797 2506 nobis
2844 2456 3115 2532 semper,
3161 2431 3342 2510 viam
3391 2443 3571 2505 taam
3613 2430 3807 2506 nola-

967 2591 1137 2649 mns,
1191 2564 1581 2667 anqeloram
1621 2565 2047 2665 omniumque
2084 2574 2466 2638 sanctornm
2513 2564 2846 2638 extranei.
2899 2559 3094 2637 Cum
3131 2560 3369 2648 Datan
3415 2576 3492 2637 et
3529 2560 3806 2637 Abiron

966 2721 1159 2797 quos
1195 2694 1396 2771 vivos
1446 2709 1642 2769 terra
1684 2691 2101 2780 absorbuit,
2155 2690 2272 2768 vel
2327 2719 2498 2768 cum
2545 2690 2736 2768 Juda
2782 2690 3168 2797 proditore
3223 2690 3638 2768 Dominum
3675 2692 3803 2797 qui

963 2823 1303 2911 tradidit,
1339 2840 1715 2901 mereatur
1752 2823 2010 2902 sociari
2051 2823 2131 2901 in
2172 2821 2552 2901 infernum
2589 2821 2861 2901 baratri
2903 2850 3073 2900 cum
3110 2820 3443 2911 Herode,
3475 2821 3801 2912 Juliano,

968 2956 1293 3042 Nerone,
1333 2954 1675 3043 Simone;
1717 2953 2179 3031 tenebrescat
2217 2953 2342 3031 lux
2384 2980 2646 3031 eorum
2679 2980 3004 3060 praesens
3037 2950 3545 3059 perhenniter.
3579 2951 3807 3030 Sanc—

935 3105 1119 3163 .tam
1158 3103 1234 3163 et
1266 3087 1816 3163 immaculatam
1856 3085 2237 3167 ecclesiam
2274 3085 2637 3164 extorres⁸
2668 3084 2900 3190 ipsius
2927 3084 3123 3162 Patri
3159 3101 3245 3163 ut
3273 3083 3526 3162 hostes
3554 3101 3808 3162 conte-

966 3235 1224 3294 rantur
1271 3234 1347 3295 et
1392 3245 1683 3324 preces,
1735 3216 1987 3323 sicque
2038 3214 2431 3293 deleantur
2469 3217 2564 3293 de
2605 3215 2802 3294 libro
2861 3215 3026 3293 vitae
3075 3213 3439 3293 celeriter.
3503 3213 3582 3293 Si
3633 3215 3808 3321 quis

966 3367 1217 3429 autem
1259 3348 1488 3455 hujus
1536 3348 1645 3424 rei
1691 3345 1955 3423 callide
2003 3347 2424 3436 accesserit,
2473 3346 2630 3424 doli
2673 3346 2836 3452 ejus
2881 3345 3183 3423 fraudes
3233 3345 3459 3423 simul
3508 3343 3811 3421 deleant

968 3477 1445 3566 omnimodo;
1472 3493 1646 3583 post
1678 3476 1811 3552 has
1837 3475 2407 3556 maledictiones
2429 3477 2700 3555 merito
2731 3478 3122 3566 sustineat,
3155 3476 3462 3553 demum
3488 3503 3808 3581 praesens

968 3625 1045 3684 et
1095 3606 1432 3685 futurum
1482 3606 1999 3685 inconvulsum
2050 3625 2368 3685 maneat.
2409 3609 2718 3686 Factum
2773 3625 2885 3685 est
2917 3624 3453 3685 testamentum
3492 3606 3695 3684 istud
3733 3607 3807 3681 in

970 3764 1226 3848 mense
1257 3736 1573 3843 aprelio,
1605 3765 1798 3815 anno
1833 3737 1995 3816 bis⁹
2030 3736 2231 3815 deno
2260 3738 2498 3845 quino
2531 3738 2675 3816 sub
2689 3742 2742 3788 ¹⁰
2779 3737 3080 3816 Lotario
3118 3764 3316 3845 rege.
3360 3737 3634 3845 Signus
3671 3736 3812 3812 fra—

964 3851 1206 3945 tribus
1242 3868 1561 3946 Ratbodi
1609 3885 1683 3945 et
1730 3868 2090 3974 Stephani
2129 3870 2259 3975 qui
2309 3886 2614 3975 paterna
2662 3896 2798 3975 pro
2840 3868 3075 3945 salute
3126 3868 3271 3945 hoc
3311 3867 3578 3945 devote
3624 3865 3812 3943 offe-

968 4017 1164 4075 runt.
1212 4000 1289 4078 S.
1329 3997 1630 4077 Geraldi
1684 3998 1972 4077 abbatis
2014 4015 2089 4076 et
2130 3998 2475 4078 Gerherti
2519 3997 2888 4077 fratribus.
2935 4001 3124 4077 Item
3161 3996 3492 4078 Geraldi.
3538 3998 3802 4105 Ugoni.

966 4128 1301 4208 Ebroini.
1346 4129 1705 4207 Rotberti.
1754 4130 1940 4208 Item
1980 4129 2365 4235 Stephani.
2408 4130 2673 4238 Ugoni.
2715 4128 3064 4209 Gozfredi
3102 4148 3177 4206 et.
3217 4129 3598 4236 Stephani.

1053 4343 1069 4371 ⁷
1113 4343 1287 4404 Mica
1321 4342 1382 4402 B.
2553 4341 2574 4373 ⁹
2615 4342 2794 4404 Bisbis
2822 4340 2956 4403 deno
2984 4344 3145 4424 quino
3167 4341 3231 4403 C

1052 4444 1069 4474 ⁸
1113 4445 1303 4512 sice..
1323 4445 1571 4507 extendit
1591 4447 1656 4508 B.
1676 4474 1688 4514 ;
1708 4445 1802 4505 hic
1821 4445 1986 4507 locus
2006 4457 2314 4530 corruptus
2552 4443 2594 4476 ¹⁰
2637 4445 2784 4530 Πομ
2803 4445 2899 4507 snb
2928 4445 3152 4507 Lutario
3180 4443 3247 4506 C.

964 4553 1022 4610 in
1045 4549 1268 4610 cunctis
1296 4571 1432 4609 mss.
