4442 5769
907 569 1047 641 128
1914 572 2725 649 CHARTULARIUM
2822 582 2825 593 '

892 737 1326 843 praedictum
1351 739 1599 819 locum
1627 741 1711 819 B.
1749 739 1945 818 Petri
1979 740 2260 819 solidos
2296 741 2875 849 quadringentos
2902 743 2997 819 ad
3025 760 3555 828 ornamentum
3574 772 3746 826 res-

892 870 1379 963 taurandum,
1425 890 1502 949 et
1539 871 1634 949 de
1674 871 1798 947 illa
1848 873 2103 949 omnia
2140 872 2416 951 faciant
2454 873 2831 980 quidquid
2870 874 3267 953 voluerint.
3315 875 3448 953 Sin
3488 893 3744 953 autem

896 1028 1061 1077 cccc
1091 1000 1379 1080 solidos
1418 1003 1515 1079 ad
1551 1002 1995 1111 praedictum
2034 1002 2286 1081 locum
2326 1031 2481 1080 non
2519 1004 3038 1109 persolverint,
3072 1005 3573 1113 supradictam
3596 1023 3748 1084 ter-

894 1160 1052 1209 ram
1082 1150 1384 1212 teneant
1412 1134 1754 1214 monachi
1788 1133 2121 1241 ejusdem
2152 1134 2300 1212 loci
2330 1135 2409 1212 in
2440 1163 2577 1215 suo
2612 1136 2949 1214 dominio
2980 1137 3509 1215 reservandum
3527 1196 3545 1224 ‚
3570 1138 3743 1243 jure

759 1286 785 1305 κ
897 1261 1386 1343 ecclesiastico
1406 1327 1424 1356 ‚
1459 1293 1630 1343 cum
1662 1264 2007 1342 omnibus
2035 1265 2131 1341 ad
2160 1294 2237 1343 se
2258 1265 2837 1372 pertinentibus3
2869 1267 3008 1343 nisi
3029 1266 3255 1357 forte,
3279 1267 3486 1374 quod
3518 1268 3741 1356 absit,

493 3268 612 3324 Oct.
641 3271 769 3341 894.

516 3473 568 3517 Β.
587 3489 629 3531 p.
659 3478 755 3519 105.

486 3549 571 3592 se.
608 3565 651 3606 p.
688 3553 784 3596 ιη.

514 3624 561 3666 C.
583 3639 629 3682 p.
658 3628 753 3681 ¹⁴⁷·

895 1396 957 1473 si
998 1393 1149 1472 ulla
1178 1424 1491 1502 persona
1530 1395 1623 1472 de
1659 1394 1928 1474 eodem
1958 1395 2125 1474 loco
2156 1394 2611 1488 alienaverit,
2650 1398 2826 1505 quia
2854 1415 3104 1475 tamen
3123 1403 3151 1443 ‘⁸
3182 1397 3319 1502 ipsi
3357 1399 3741 1504 recipiant.

895 1528 1053 1604 Hoc
1092 1544 1612 1606 testamentum
1654 1556 1697 1604 a
1731 1556 1852 1605 me
1890 1528 2270 1606 firmatum
2306 1546 2530 1636 atque
2571 1528 2664 1606 ab
2707 1527 2872 1606 aliis
2904 1528 3285 1607 nobilibus
3322 1529 3493 1606 viris
3532 1529 3748 1608 robo-
3868 1592 3879 1599 .

895 1675 1168 1749 ratum,
1214 1659 1308 1736 ab
1350 1659 1715 1738 hodierno
1767 1676 1841 1737 et
1881 1658 2233 1767 deinceps
2269 1677 2564 1738 maneat
2600 1660 3141 1738 inconvulsum.
3174 1662 3391 1737 Facta
3416 1661 3744 1738 cessione

895 1789 1034 1867 ista
1083 1791 1162 1867 in
1217 1819 1469 1868 mense
1509 1790 1813 1882 martio,
1854 1818 2049 1870 anno
2079 1816 2198 1869 xx1
2247 1789 2385 1868 sub
2428 1790 2821 1870 Lotherio‘*
2858 1819 3057 1899 rege.
3112 1791 3187 1868 S.
3231 1789 3573 1869 Gerberti
3614 1793 3745 1898 qui

897 1922 1305 2000 cessionem
1353 1923 1568 1999 istam
1616 1919 1783 1998 fieri
1832 1921 1950 1999 vel
1998 1920 2390 1999 adfirmare
2440 1923 2745 2029 rogavit.
2801 1923 2876 2001 S.
2932 1921 3448 2028 Ragenberti5.
3504 1921 3580 1999 S.
3622 1924 3747 1998 Ri-

892 2053 1169 2160 gualdi.

2162 2673 2487 2746 Lxxvl.

901 2897 1324 2980 [Commutatio
1352 2899 1508 2960 inter
1536 2897 1876 2962 Bainulfum
1904 2898 2173 2960 abbatem
2201 2909 2261 2960 et
2287 2897 2607 2960 Geraldum
2646 2898 2794 2960 facta
2832 2900 2905 2960 de
2934 2898 3165 2983 praediis
3194 2900 3257 2959 in
3289 2899 3573 2961 Rodinico
3601 2921 3752 2984 pago

1267 3029 1274 3034 ⁸
1613 3017 1620 3024 ’
1971 3013 2031 3064 et
2056 3003 2119 3062 in
2146 3002 2459 3064 Caturcino
2491 3002 2662 3082 sitis.]

968 3311 972 3315 »
1011 3259 1209 3337 Inter
1247 3287 1438 3365 quos
1489 3257 1771 3336 illibata
1809 3261 2304 3365 permanserit
2337 3276 2729 3366 paupertas
2766 3285 2902 3366 pro
2943 3259 3333 3364 oportunis
3370 3256 3755 3335 beneficiis

899 3355 1302 3480 mutuatur,
1366 3391 1540 3498 quia
1597 3388 1849 3468 nullus
1895 3390 1989 3468 de
2048 3388 2371 3496 propriis
2421 3389 2648 3474 rebus
2702 3391 2858 3469 suis
2910 3390 3199 3468 censuit
3253 3390 3750 3468 minuendum

902 3521 1110 3626 quod
1169 3550 1209 3598 e
1264 3536 1514 3598 contra
1568 3521 1831 3627 recipit
1877 3521 1957 3597 in
2007 3535 2432 3628 augmento.
2474 3522 2706 3629 Igitur
2750 3522 3080 3630 optimae¹
3132 3521 3334 3628 pacis
3371 3537 3446 3598 et
3481 3518 3757 3597 nullius

899 3650 1217 3756 imperio
1285 3651 1652 3758 cogentis,
1713 3650 2155 3757 compendia
2211 3652 2722 3757 providentes,
2773 3681 2911 3759 pro
2973 3650 3319 3758 congruis
3370 3648 3758 3728 beneficiis

900 3797 1387 3889 utrarumque
1420 3783 1749 3890 partium
1773 3780 2053 3889 placuit
2078 3801 2300 3891 atque
2332 3782 2675 3861 convenit
2706 3782 2901 3858 inter
2926 3781 3431 3860 venerabilem
3462 3769 3759 3859 Rainul'-

899 3912 1057 3988 sum
1110 3911 1455 3992 abbatem
1500 3930 1575 3992 et
1631 3931 1969 4022 cunctam
2017 3916 2665 4023 congregationem
2710 3915 2788 3992 S.
2836 3914 3032 3991 Petri
3083 3912 3415 3991 Belliloci
3461 3937 3761 3990 monas-

897 4044 1109 4134 terii,
1150 4062 1225 4122 et
1266 4074 1353 4123 ex
1394 4045 1534 4123 alia
1566 4062 1773 4153 parte
1813 4044 2219 4125 Geraldum
2244 4109 2262 4138 ‚
2314 4064 2400 4124 ut
2439 4072 2733 4124 mansos
2779 4062 2855 4122 et
2896 4046 3146 4123 vineas
3192 4062 3268 4123 et
3299 4062 3532 4121 terras
3567 4044 3759 4120 inter

897 4206 974 4254 se
1043 4194 1503 4260 commutare
1565 4177 1959 4268 deberent,
2014 4178 2220 4284 quod
2269 4177 2368 4254 ita
2429 4194 2502 4254 et
2557 4175 2920 4254 fecerunt.
2985 4175 3214 4253 Dedit
3272 4174 3523 4281 itaque
3566 4201 3757 4281 prae-

896 4306 1089 4387 fatus
1126 4307 1511 4388 Rainulfus
1551 4307 1774 4387 abbas
1810 4309 2149 4417 partibus
2186 4308 2488 4388 Geraldi
2531 4325 2819 4385 curtem
2862 4334 3074 4385 suam
3113 4335 3277 4415 quae
3311 4322 3422 4383 est
3462 4304 3538 4381 in
3565 4331 3756 4411 pago

895 4438 1323 4530 Rodinico²‚
1365 4441 1442 4517 in
1477 4457 1789 4519 centena
1826 4439 2213 4530 Crenon0‚
2266 4456 2340 4517 et
2384 4438 2460 4514 in
2502 4436 2670 4516 loco
2701 4437 2831 4546 qui
2863 4454 3166 4516 vocatur
3198 4438 3753 4522 Termenonus‚

983 4621 1004 4652 ‘
1047 4622 1324 4685 Lochario.
1356 4625 1425 4685 B.
2491 4621 2511 4653 ⁸
2556 4622 2914 4708 Raqumberti
2937 4620 3051 4685 SG.

987 4865 1003 4897 ¹
1047 4866 1232 4952 Igitur·
1265 4869 1478 4951 optimoe
1482 4914 1790 4928 ........
1846 4865 2111 4951 beneficiis
2151 4865 2260 4929 de-
2495 4864 2515 4895 ²
2564 4851 2934 4929 Cmdobaoso.
2949 4866 3136 4928 Voces
3148 4867 3201 4928 in
3219 4876 3442 4928 emuna
3455 4863 3760 4926 Cmnono...

905 4981 1043 5033 sunt
1078 4970 1149 5032 B.
2409 4968 2597 5031 villam
2625 4970 2841 5032 desunt
2867 4970 2938 5030 B.
