<?xml version="1.0" encoding="UTF-8"?>
<!DOCTYPE html PUBLIC "-//W3C//DTD XHTML 1.0 Transitional//EN"
    "http://www.w3.org/TR/xhtml1/DTD/xhtml1-transitional.dtd">
<html xmlns="http://www.w3.org/1999/xhtml" xml:lang="en" lang="en">
 <head>
  <title>
</title>
<meta http-equiv="Content-Type" content="text/html;charset=utf-8" />
  <meta name='ocr-system' content='tesseract 3.04.00' />
  <meta name='ocr-capabilities' content='ocr_page ocr_carea ocr_par ocr_line ocrx_word'/>
</head>
<body>
  <div class='ocr_page' id='page_1' title='image "./cartulairedelab09abbegoog_0347.png"; bbox 0 0 4442 5769; ppageno 0'>
   <div class='ocr_carea' id='block_1_1' title="bbox 36 0 544 3">
    <p class='ocr_par' dir='ltr' id='par_1_1' title="bbox 36 0 544 3">
     <span class='ocr_line' id='line_1_1' title="bbox 36 0 544 3; baseline 0 0"><span class='ocrx_word' id='word_1_1' title='bbox 36 0 544 3; x_wconf 95' lang='lat' dir='ltr'> </span> 
     </span>
    </p>
   </div>
   <div class='ocr_carea' id='block_1_2' title="bbox 1430 576 3596 655">
    <p class='ocr_par' dir='ltr' id='par_1_2' title="bbox 1430 576 3596 655">
     <span class='ocr_line' id='line_1_2' title="bbox 1430 576 3596 655; baseline 0 -2"><span class='ocrx_word' id='word_1_2' title='bbox 1430 577 2061 653; x_wconf 86' lang='lat' dir='ltr'><strong>MONASTERII</strong></span> <span class='ocrx_word' id='word_1_3' title='bbox 2124 579 2256 651; x_wconf 88' lang='lat' dir='ltr'>DE</span> <span class='ocrx_word' id='word_1_4' title='bbox 2321 576 2948 652; x_wconf 85' lang='lat' dir='ltr'><strong>BELLOLOCO.</strong></span> <span class='ocrx_word' id='word_1_5' title='bbox 3501 585 3596 655; x_wconf 84' lang='lat'>27</span> 
     </span>
    </p>
   </div>
   <div class='ocr_carea' id='block_1_3' title="bbox 766 746 3672 3056">
    <p class='ocr_par' dir='ltr' id='par_1_3' title="bbox 766 746 3672 3056">
     <span class='ocr_line' id='line_1_3' title="bbox 772 746 3600 855; baseline -0.001 -28"><span class='ocrx_word' id='word_1_6' title='bbox 772 746 1208 855; x_wconf 81' lang='lat' dir='ltr'>adimplere.</span> <span class='ocrx_word' id='word_1_7' title='bbox 1252 747 1526 826; x_wconf 81' lang='lat' dir='ltr'>Iterum</span> <span class='ocrx_word' id='word_1_8' title='bbox 1565 750 1922 854; x_wconf 84' lang='lat' dir='ltr'>petimus,</span> <span class='ocrx_word' id='word_1_9' title='bbox 1969 766 2053 826; x_wconf 90' lang='lat' dir='ltr'>ut</span> <span class='ocrx_word' id='word_1_10' title='bbox 2090 748 2471 826; x_wconf 87' lang='lat' dir='ltr'>annuatim</span> <span class='ocrx_word' id='word_1_11' title='bbox 2511 776 2600 825; x_wconf 81' lang='lat' dir='ltr'>ex</span> <span class='ocrx_word' id='word_1_12' title='bbox 2637 747 3142 855; x_wconf 79' lang='lat' dir='ltr'><strong>suprascriptis</strong></span> <span class='ocrx_word' id='word_1_13' title='bbox 3178 746 3404 827; x_wconf 87' lang='lat' dir='ltr'>rebus</span> <span class='ocrx_word' id='word_1_14' title='bbox 3443 777 3600 825; x_wconf 88' lang='lat' dir='ltr'>cus·</span> 
     </span>
     <span class='ocr_line' id='line_1_4' title="bbox 766 876 3601 985; baseline -0.001 -26"><span class='ocrx_word' id='word_1_15' title='bbox 766 879 934 959; x_wconf 70' lang='lat' dir='ltr'>todi</span> <span class='ocrx_word' id='word_1_16' title='bbox 996 878 1321 956; x_wconf 85' lang='lat' dir='ltr'>ecclesiae</span> <span class='ocrx_word' id='word_1_17' title='bbox 1365 879 1518 955; x_wconf 87' lang='lat' dir='ltr'>vini</span> <span class='ocrx_word' id='word_1_18' title='bbox 1573 880 1808 957; x_wconf 90' lang='lat' dir='ltr'>modii</span> <span class='ocrx_word' id='word_1_19' title='bbox 1862 881 2121 957; x_wconf 90' lang='lat' dir='ltr'>decem</span> <span class='ocrx_word' id='word_1_20' title='bbox 2157 878 2603 968; x_wconf 81' lang='lat' dir='ltr'>tribuantur,</span> <span class='ocrx_word' id='word_1_21' title='bbox 2655 878 2858 955; x_wconf 91' lang='lat' dir='ltr'>unde</span> <span class='ocrx_word' id='word_1_22' title='bbox 2919 876 3359 956; x_wconf 89' lang='lat' dir='ltr'>sacrificium</span> <span class='ocrx_word' id='word_1_23' title='bbox 3410 907 3601 985; x_wconf 87' lang='lat' dir='ltr'>quo-</span> 
     </span>
     <span class='ocr_line' id='line_1_5' title="bbox 773 1008 3599 1115; baseline -0 -29"><span class='ocrx_word' id='word_1_24' title='bbox 773 1010 959 1086; x_wconf 84' lang='lat' dir='ltr'>tidie</span> <span class='ocrx_word' id='word_1_25' title='bbox 998 1008 1325 1087; x_wconf 90' lang='lat' dir='ltr'>Domino</span> <span class='ocrx_word' id='word_1_26' title='bbox 1367 1008 1747 1086; x_wconf 87' lang='lat' dir='ltr'>offeratur.</span> <span class='ocrx_word' id='word_1_27' title='bbox 1789 1009 1996 1086; x_wconf 89' lang='lat' dir='ltr'>Licet</span> <span class='ocrx_word' id='word_1_28' title='bbox 2033 1037 2357 1115; x_wconf 89' lang='lat' dir='ltr'>namque</span> <span class='ocrx_word' id='word_1_29' title='bbox 2404 1010 2484 1084; x_wconf 90' lang='lat' dir='ltr'>in</span> <span class='ocrx_word' id='word_1_30' title='bbox 2525 1009 2982 1086; x_wconf 82' lang='lat' dir='ltr'>cessionibus</span> <span class='ocrx_word' id='word_1_31' title='bbox 3031 1038 3244 1114; x_wconf 87' lang='lat' dir='ltr'>poena</span> <span class='ocrx_word' id='word_1_32' title='bbox 3283 1009 3599 1085; x_wconf 86' lang='lat' dir='ltr'>minime</span> 
     </span>
     <span class='ocr_line' id='line_1_6' title="bbox 776 1138 3602 1248; baseline -0.002 -29"><span class='ocrx_word' id='word_1_33' title='bbox 776 1142 869 1219; x_wconf 88' lang='lat' dir='ltr'>sit</span> <span class='ocrx_word' id='word_1_34' title='bbox 905 1140 1274 1219; x_wconf 87' lang='lat' dir='ltr'>inserendi</span> <span class='ocrx_word' id='word_1_35' title='bbox 1316 1142 1757 1231; x_wconf 88' lang='lat' dir='ltr'>necessaria,</span> <span class='ocrx_word' id='word_1_36' title='bbox 1814 1141 2031 1218; x_wconf 91' lang='lat' dir='ltr'>nobis</span> <span class='ocrx_word' id='word_1_37' title='bbox 2088 1168 2396 1248; x_wconf 87' lang='lat' dir='ltr'>quoque</span> <span class='ocrx_word' id='word_1_38' title='bbox 2454 1169 2590 1245; x_wconf 91' lang='lat' dir='ltr'>pro</span> <span class='ocrx_word' id='word_1_39' title='bbox 2642 1139 3001 1215; x_wconf 85' lang='lat' dir='ltr'>firmitatis</span> <span class='ocrx_word' id='word_1_40' title='bbox 3039 1138 3288 1216; x_wconf 90' lang='lat' dir='ltr'>studio</span> <span class='ocrx_word' id='word_1_41' title='bbox 3327 1138 3602 1243; x_wconf 79' lang='lat' dir='ltr'>placuit</span> 
     </span>
     <span class='ocr_line' id='line_1_7' title="bbox 776 1268 3604 1376; baseline -0.001 -29"><span class='ocrx_word' id='word_1_42' title='bbox 776 1271 1033 1358; x_wconf 90' lang='lat' dir='ltr'>inseri,</span> <span class='ocrx_word' id='word_1_43' title='bbox 1077 1270 1283 1376; x_wconf 90' lang='lat' dir='ltr'>quod</span> <span class='ocrx_word' id='word_1_44' title='bbox 1323 1270 1381 1345; x_wconf 92' lang='lat' dir='ltr'>si</span> <span class='ocrx_word' id='word_1_45' title='bbox 1414 1298 1552 1347; x_wconf 89' lang='lat' dir='ltr'>nos</span> <span class='ocrx_word' id='word_1_46' title='bbox 1585 1271 1759 1375; x_wconf 89' lang='lat' dir='ltr'>ipsi,</span> <span class='ocrx_word' id='word_1_47' title='bbox 1795 1287 1921 1346; x_wconf 89' lang='lat' dir='ltr'>aut</span> <span class='ocrx_word' id='word_1_48' title='bbox 1957 1270 2158 1347; x_wconf 89' lang='lat' dir='ltr'>ullus</span> <span class='ocrx_word' id='word_1_49' title='bbox 2188 1270 2284 1345; x_wconf 90' lang='lat' dir='ltr'>de</span> <span class='ocrx_word' id='word_1_50' title='bbox 2319 1269 2586 1346; x_wconf 91' lang='lat' dir='ltr'>nostris</span> <span class='ocrx_word' id='word_1_51' title='bbox 2615 1268 3051 1354; x_wconf 82' lang='lat' dir='ltr'>heredibus,</span> <span class='ocrx_word' id='word_1_52' title='bbox 3084 1297 3212 1345; x_wconf 87' lang='lat' dir='ltr'>seu</span> <span class='ocrx_word' id='word_1_53' title='bbox 3256 1269 3604 1375; x_wconf 78' lang='lat' dir='ltr'>quaslibet</span> 
     </span>
     <span class='ocr_line' id='line_1_8' title="bbox 776 1398 3600 1507; baseline -0.001 -29"><span class='ocrx_word' id='word_1_54' title='bbox 776 1398 928 1478; x_wconf 87' lang='lat' dir='ltr'>ulla</span> <span class='ocrx_word' id='word_1_55' title='bbox 961 1399 1292 1478; x_wconf 89' lang='lat' dir='ltr'>immissa</span> <span class='ocrx_word' id='word_1_56' title='bbox 1327 1427 1669 1505; x_wconf 89' lang='lat' dir='ltr'>persona,</span> <span class='ocrx_word' id='word_1_57' title='bbox 1704 1429 1865 1507; x_wconf 83' lang='lat' dir='ltr'>quae</span> <span class='ocrx_word' id='word_1_58' title='bbox 1904 1416 2154 1477; x_wconf 91' lang='lat' dir='ltr'>contra</span> <span class='ocrx_word' id='word_1_59' title='bbox 2187 1399 2377 1475; x_wconf 89' lang='lat' dir='ltr'>hanc</span> <span class='ocrx_word' id='word_1_60' title='bbox 2418 1400 2567 1474; x_wconf 91' lang='lat' dir='ltr'>mei</span> <span class='ocrx_word' id='word_1_61' title='bbox 2601 1398 2794 1504; x_wconf 89' lang='lat' dir='ltr'>juris</span> <span class='ocrx_word' id='word_1_62' title='bbox 2835 1398 3343 1488; x_wconf 84' lang='lat' dir='ltr'>donationem,</span> <span class='ocrx_word' id='word_1_63' title='bbox 3379 1427 3600 1505; x_wconf 91' lang='lat' dir='ltr'>quam</span> 
     </span>
     <span class='ocr_line' id='line_1_9' title="bbox 778 1528 3604 1636; baseline 0 -31"><span class='ocrx_word' id='word_1_64' title='bbox 778 1558 950 1607; x_wconf 89' lang='lat' dir='ltr'>sana</span> <span class='ocrx_word' id='word_1_65' title='bbox 1000 1546 1249 1606; x_wconf 88' lang='lat' dir='ltr'>mente</span> <span class='ocrx_word' id='word_1_66' title='bbox 1292 1530 1724 1636; x_wconf 87' lang='lat' dir='ltr'>integroque</span> <span class='ocrx_word' id='word_1_67' title='bbox 1764 1530 1925 1605; x_wconf 89' lang='lat' dir='ltr'>fieri</span> <span class='ocrx_word' id='word_1_68' title='bbox 1967 1529 2288 1615; x_wconf 88' lang='lat' dir='ltr'>decrevi,</span> <span class='ocrx_word' id='word_1_69' title='bbox 2324 1529 2609 1617; x_wconf 90' lang='lat' dir='ltr'>venire,</span> <span class='ocrx_word' id='word_1_70' title='bbox 2653 1546 2781 1604; x_wconf 88' lang='lat' dir='ltr'>aut</span> <span class='ocrx_word' id='word_1_71' title='bbox 2821 1557 2982 1604; x_wconf 87' lang='lat' dir='ltr'>earn</span> <span class='ocrx_word' id='word_1_72' title='bbox 3016 1528 3377 1636; x_wconf 80' lang='lat' dir='ltr'>refragare</span> <span class='ocrx_word' id='word_1_73' title='bbox 3421 1558 3604 1635; x_wconf 83' lang='lat' dir='ltr'>prae-</span> 
     </span>
     <span class='ocr_line' id='line_1_10' title="bbox 778 1634 3602 1765; baseline -0 -30"><span class='ocrx_word' id='word_1_74' title='bbox 778 1659 1207 1765; x_wconf 85' lang='lat' dir='ltr'>sumpserit,</span> <span class='ocrx_word' id='word_1_75' title='bbox 1250 1659 1492 1762; x_wconf 89' lang='lat' dir='ltr'>primo</span> <span class='ocrx_word' id='word_1_76' title='bbox 1520 1687 1608 1735; x_wconf 83' lang='lat' dir='ltr'>ex</span> <span class='ocrx_word' id='word_1_77' title='bbox 1635 1660 1905 1736; x_wconf 89' lang='lat' dir='ltr'>virtute</span> <span class='ocrx_word' id='word_1_78' title='bbox 1949 1658 2196 1735; x_wconf 84' lang='lat' dir='ltr'>Sancti</span> <span class='ocrx_word' id='word_1_79' title='bbox 2230 1656 2547 1763; x_wconf 88' lang='lat' dir='ltr'>Spiritus</span> <span class='ocrx_word' id='word_1_80' title='bbox 2573 1674 2645 1732; x_wconf 91' lang='lat' dir='ltr'>et</span> <span class='ocrx_word' id='word_1_81' title='bbox 2675 1634 2933 1734; x_wconf 62' lang='lat' dir='ltr'>nostro</span> <span class='ocrx_word' id='word_1_82' title='bbox 2971 1658 3385 1734; x_wconf 89' lang='lat' dir='ltr'>ministerio</span> <span class='ocrx_word' id='word_1_83' title='bbox 3429 1687 3602 1735; x_wconf 88' lang='lat' dir='ltr'>eum</span> 
     </span>
     <span class='ocr_line' id='line_1_11' title="bbox 778 1759 3672 1893; baseline 0 -30"><span class='ocrx_word' id='word_1_84' title='bbox 778 1787 1259 1875; x_wconf 88' lang='lat' dir='ltr'>innodamus,</span> <span class='ocrx_word' id='word_1_85' title='bbox 1304 1804 1380 1863; x_wconf 90' lang='lat' dir='ltr'>et</span> <span class='ocrx_word' id='word_1_86' title='bbox 1417 1788 1827 1864; x_wconf 89' lang='lat' dir='ltr'>secundum</span> <span class='ocrx_word' id='word_1_87' title='bbox 1874 1786 2115 1863; x_wconf 84' lang='lat' dir='ltr'>saeculi</span> <span class='ocrx_word' id='word_1_88' title='bbox 2155 1815 2446 1891; x_wconf 90' lang='lat' dir='ltr'>poenam</span> <span class='ocrx_word' id='word_1_89' title='bbox 2482 1786 2639 1863; x_wconf 91' lang='lat' dir='ltr'>auri</span> <span class='ocrx_word' id='word_1_90' title='bbox 2692 1785 2915 1862; x_wconf 89' lang='lat' dir='ltr'>libras</span> <span class='ocrx_word' id='word_1_91' title='bbox 2954 1813 3021 1875; x_wconf 92' lang='lat' dir='ltr'>v,</span> <span class='ocrx_word' id='word_1_92' title='bbox 3063 1786 3342 1893; x_wconf 84' lang='lat' dir='ltr'>argenti</span> <span class='ocrx_word' id='word_1_93' title='bbox 3381 1759 3603 1864; x_wconf 74' lang='lat' dir='ltr'>libras</span> <span class='ocrx_word' id='word_1_94' title='bbox 3649 1780 3672 1801; x_wconf 85' lang='grc'><em>“</em></span> 
     </span>
     <span class='ocr_line' id='line_1_12' title="bbox 777 1914 3606 2022; baseline -0 -29"><span class='ocrx_word' id='word_1_95' title='bbox 777 1916 1063 2022; x_wconf 85' lang='lat' dir='ltr'>viginti,</span> <span class='ocrx_word' id='word_1_96' title='bbox 1103 1943 1551 2021; x_wconf 87' lang='lat' dir='ltr'>componere</span> <span class='ocrx_word' id='word_1_97' title='bbox 1598 1933 1920 2021; x_wconf 83' lang='lat' dir='ltr'>cogatur,</span> <span class='ocrx_word' id='word_1_98' title='bbox 1964 1944 2242 2021; x_wconf 88' lang='lat' dir='ltr'>suaque</span> <span class='ocrx_word' id='word_1_99' title='bbox 2293 1914 2638 2020; x_wconf 82' lang='lat' dir='ltr'>repetitio</span> <span class='ocrx_word' id='word_1_100' title='bbox 2680 1916 2972 1993; x_wconf 88' lang='lat' dir='ltr'>nullum</span> <span class='ocrx_word' id='word_1_101' title='bbox 3012 1914 3342 1992; x_wconf 86' lang='lat' dir='ltr'>obtineat</span> <span class='ocrx_word' id='word_1_102' title='bbox 3383 1915 3606 1992; x_wconf 86' lang='lat' dir='ltr'>effec-</span> 
     </span>
     <span class='ocr_line' id='line_1_13' title="bbox 778 2044 3599 2152; baseline 0 -32"><span class='ocrx_word' id='word_1_103' title='bbox 778 2061 964 2121; x_wconf 88' lang='lat' dir='ltr'>tum.</span> <span class='ocrx_word' id='word_1_104' title='bbox 987 2045 1209 2138; x_wconf 87' lang='lat' dir='ltr'>Quod</span> <span class='ocrx_word' id='word_1_105' title='bbox 1238 2044 1296 2120; x_wconf 92' lang='lat' dir='ltr'>si</span> <span class='ocrx_word' id='word_1_106' title='bbox 1339 2045 1417 2118; x_wconf 88' lang='lat' dir='ltr'>in</span> <span class='ocrx_word' id='word_1_107' title='bbox 1454 2045 1724 2122; x_wconf 90' lang='lat' dir='ltr'>talibus</span> <span class='ocrx_word' id='word_1_108' title='bbox 1753 2044 2349 2150; x_wconf 86' lang='lat' dir='ltr'>perseveraverit,</span> <span class='ocrx_word' id='word_1_109' title='bbox 2383 2045 2569 2120; x_wconf 91' lang='lat' dir='ltr'>iram</span> <span class='ocrx_word' id='word_1_110' title='bbox 2595 2045 2804 2120; x_wconf 84' lang='lat' dir='ltr'>trinae</span> <span class='ocrx_word' id='word_1_111' title='bbox 2828 2045 3227 2152; x_wconf 89' lang='lat' dir='ltr'>majestatis</span> <span class='ocrx_word' id='word_1_112' title='bbox 3257 2046 3599 2133; x_wconf 85' lang='lat' dir='ltr'>incurrat,</span> 
     </span>
     <span class='ocr_line' id='line_1_14' title="bbox 782 2173 3603 2279; baseline 0 -29"><span class='ocrx_word' id='word_1_113' title='bbox 782 2190 855 2251; x_wconf 85' lang='lat' dir='ltr'>et</span> <span class='ocrx_word' id='word_1_114' title='bbox 881 2202 1051 2251; x_wconf 91' lang='lat' dir='ltr'>cum</span> <span class='ocrx_word' id='word_1_115' title='bbox 1091 2175 1167 2251; x_wconf 90' lang='lat' dir='ltr'>S.</span> <span class='ocrx_word' id='word_1_116' title='bbox 1198 2174 1416 2250; x_wconf 87' lang='lat' dir='ltr'>Petro</span> <span class='ocrx_word' id='word_1_117' title='bbox 1445 2174 1523 2250; x_wconf 91' lang='lat' dir='ltr'>in</span> <span class='ocrx_word' id='word_1_118' title='bbox 1556 2192 1875 2251; x_wconf 81' lang='lat' dir='ltr'>extrema</span> <span class='ocrx_word' id='word_1_119' title='bbox 1896 2173 2159 2279; x_wconf 89' lang='lat' dir='ltr'>judicii</span> <span class='ocrx_word' id='word_1_120' title='bbox 2195 2174 2318 2251; x_wconf 89' lang='lat' dir='ltr'>die</span> <span class='ocrx_word' id='word_1_121' title='bbox 2355 2173 2920 2251; x_wconf 87' lang='lat' dir='ltr'>ratiocinaturus</span> <span class='ocrx_word' id='word_1_122' title='bbox 2955 2174 3226 2266; x_wconf 87' lang='lat' dir='ltr'>veniat,</span> <span class='ocrx_word' id='word_1_123' title='bbox 3256 2175 3397 2251; x_wconf 91' lang='lat' dir='ltr'>nisi</span> <span class='ocrx_word' id='word_1_124' title='bbox 3439 2191 3603 2251; x_wconf 89' lang='lat' dir='ltr'>ante</span> 
     </span>
     <span class='ocr_line' id='line_1_15' title="bbox 778 2301 3605 2382; baseline 0 -1"><span class='ocrx_word' id='word_1_125' title='bbox 778 2303 873 2381; x_wconf 88' lang='lat' dir='ltr'>ad</span> <span class='ocrx_word' id='word_1_126' title='bbox 914 2301 1561 2381; x_wconf 83' lang='lat' dir='ltr'>confessionem-et</span> <span class='ocrx_word' id='word_1_127' title='bbox 1586 2305 1680 2381; x_wconf 93' lang='lat' dir='ltr'>ad</span> <span class='ocrx_word' id='word_1_128' title='bbox 1722 2304 2320 2380; x_wconf 89' lang='lat' dir='ltr'>emendationem</span> <span class='ocrx_word' id='word_1_129' title='bbox 2354 2303 2659 2380; x_wconf 87' lang='lat' dir='ltr'>venerit.</span> <span class='ocrx_word' id='word_1_130' title='bbox 2693 2305 2786 2379; x_wconf 89' lang='lat' dir='ltr'>Et</span> <span class='ocrx_word' id='word_1_131' title='bbox 2822 2320 2905 2379; x_wconf 92' lang='lat' dir='ltr'>ut</span> <span class='ocrx_word' id='word_1_132' title='bbox 2943 2305 3174 2382; x_wconf 88' lang='lat' dir='ltr'>cessio</span> <span class='ocrx_word' id='word_1_133' title='bbox 3199 2304 3605 2381; x_wconf 89' lang='lat' dir='ltr'>firmiorem</span> 
     </span>
     <span class='ocr_line' id='line_1_16' title="bbox 780 2431 3605 2523; baseline -0.002 -10"><span class='ocrx_word' id='word_1_134' title='bbox 780 2431 1113 2513; x_wconf 79' lang='lat' dir='ltr'>obtineat</span> <span class='ocrx_word' id='word_1_135' title='bbox 1160 2432 1628 2510; x_wconf 79' lang='lat' dir='ltr'>stabilitatem</span> <span class='ocrx_word' id='word_1_136' title='bbox 1649 2493 1667 2523; x_wconf 92' lang='lat'>,</span> <span class='ocrx_word' id='word_1_137' title='bbox 1722 2461 1886 2511; x_wconf 89' lang='lat' dir='ltr'>eam</span> <span class='ocrx_word' id='word_1_138' title='bbox 1939 2431 2646 2510; x_wconf 88' lang='lat' dir='ltr'>subterfirmavimus</span> <span class='ocrx_word' id='word_1_139' title='bbox 2720 2450 2794 2509; x_wconf 90' lang='lat' dir='ltr'>et</span> <span class='ocrx_word' id='word_1_140' title='bbox 2842 2431 3214 2509; x_wconf 89' lang='lat' dir='ltr'>bonorum</span> <span class='ocrx_word' id='word_1_141' title='bbox 3279 2434 3605 2510; x_wconf 87' lang='lat' dir='ltr'>virorum</span> 
     </span>
     <span class='ocr_line' id='line_1_17' title="bbox 776 2560 3609 2671; baseline 0 -33"><span class='ocrx_word' id='word_1_142' title='bbox 776 2560 1331 2639; x_wconf 87' lang='lat' dir='ltr'>subterfirmare</span> <span class='ocrx_word' id='word_1_143' title='bbox 1368 2563 1804 2668; x_wconf 77' lang='lat' dir='ltr'>rogavimus,</span> <span class='ocrx_word' id='word_1_144' title='bbox 1836 2562 2241 2653; x_wconf 83' lang='lat' dir='ltr'>Frotarius,</span> <span class='ocrx_word' id='word_1_145' title='bbox 2278 2579 2540 2640; x_wconf 79' lang='lat' dir='ltr'>sanctae</span> <span class='ocrx_word' id='word_1_146' title='bbox 2570 2562 3053 2671; x_wconf 88' lang='lat' dir='ltr'>Biturigensis</span> <span class='ocrx_word' id='word_1_147' title='bbox 3083 2561 3420 2640; x_wconf 70' lang='lat' dir='ltr'>Ecclesiae</span> <span class='ocrx_word' id='word_1_148' title='bbox 3452 2563 3609 2669; x_wconf 87' lang='lat' dir='ltr'>epi-</span> 
     </span>
     <span class='ocr_line' id='line_1_18' title="bbox 778 2691 3606 2800; baseline 0.001 -33"><span class='ocrx_word' id='word_1_149' title='bbox 778 2718 1078 2796; x_wconf 89' lang='lat' dir='ltr'>scopus,</span> <span class='ocrx_word' id='word_1_150' title='bbox 1110 2692 1326 2781; x_wconf 83' lang='lat' dir='ltr'>vidit,</span> <span class='ocrx_word' id='word_1_151' title='bbox 1367 2691 1561 2770; x_wconf 90' lang='lat' dir='ltr'>bene</span> <span class='ocrx_word' id='word_1_152' title='bbox 1602 2691 1783 2799; x_wconf 87' lang='lat' dir='ltr'>legit</span> <span class='ocrx_word' id='word_1_153' title='bbox 1821 2709 2044 2799; x_wconf 89' lang='lat' dir='ltr'>atque</span> <span class='ocrx_word' id='word_1_154' title='bbox 2088 2692 2425 2799; x_wconf 82' lang='lat' dir='ltr'>signavit.</span> <span class='ocrx_word' id='word_1_155' title='bbox 2467 2692 2923 2781; x_wconf 79' lang='lat' dir='ltr'>Hecfridus⁶‚</span> <span class='ocrx_word' id='word_1_156' title='bbox 2965 2691 3403 2769; x_wconf 88' lang='lat' dir='ltr'>Pictavensis</span> <span class='ocrx_word' id='word_1_157' title='bbox 3452 2693 3606 2800; x_wconf 89' lang='lat' dir='ltr'>epi-</span> 
     </span>
     <span class='ocr_line' id='line_1_19' title="bbox 780 2820 3609 2928; baseline 0.001 -31"><span class='ocrx_word' id='word_1_158' title='bbox 780 2847 1071 2926; x_wconf 78' lang='lat' dir='ltr'>scopua,</span> <span class='ocrx_word' id='word_1_159' title='bbox 1100 2820 1429 2928; x_wconf 86' lang='lat' dir='ltr'>signavit.</span> <span class='ocrx_word' id='word_1_160' title='bbox 1457 2821 1906 2910; x_wconf 80' lang='lat' dir='ltr'>willelmus,</span> <span class='ocrx_word' id='word_1_161' title='bbox 1925 2822 2418 2900; x_wconf 89' lang='lat' dir='ltr'>Cadurcensis</span> <span class='ocrx_word' id='word_1_162' title='bbox 2441 2821 2854 2928; x_wconf 86' lang='lat' dir='ltr'>episcopus,</span> <span class='ocrx_word' id='word_1_163' title='bbox 2873 2822 3201 2927; x_wconf 88' lang='lat' dir='ltr'>signavit.</span> <span class='ocrx_word' id='word_1_164' title='bbox 3231 2822 3609 2900; x_wconf 89' lang='lat' dir='ltr'>Adoleuus</span> 
     </span>
     <span class='ocr_line' id='line_1_20' title="bbox 776 2948 3608 3056; baseline 0 -29"><span class='ocrx_word' id='word_1_165' title='bbox 776 2948 1144 3027; x_wconf 84' lang='lat' dir='ltr'>Albiensis</span> <span class='ocrx_word' id='word_1_166' title='bbox 1173 2951 1624 3056; x_wconf 78' lang='lat' dir='ltr'>episcopus⁷,</span> <span class='ocrx_word' id='word_1_167' title='bbox 1651 2951 2017 3056; x_wconf 49' lang='lat' dir='ltr'>signavit&amp;</span> <span class='ocrx_word' id='word_1_168' title='bbox 2044 2951 2317 3027; x_wconf 90' lang='lat' dir='ltr'>Datum</span> <span class='ocrx_word' id='word_1_169' title='bbox 2345 2951 2522 3026; x_wconf 89' lang='lat' dir='ltr'>huic</span> <span class='ocrx_word' id='word_1_170' title='bbox 2548 2950 2895 3026; x_wconf 86' lang='lat' dir='ltr'>cessionis</span> <span class='ocrx_word' id='word_1_171' title='bbox 2930 2949 3224 3025; x_wconf 76' lang='lat' dir='ltr'>cartulae</span> <span class='ocrx_word' id='word_1_172' title='bbox 3252 2951 3328 3025; x_wconf 90' lang='lat' dir='ltr'>in</span> <span class='ocrx_word' id='word_1_173' title='bbox 3359 2978 3608 3027; x_wconf 84' lang='lat' dir='ltr'>mense</span> 
     </span>
    </p>
   </div>
   <div class='ocr_carea' id='block_1_4' title="bbox 779 3075 3613 3312">
    <p class='ocr_par' dir='ltr' id='par_1_4' title="bbox 779 3075 3613 3312">
     <span class='ocr_line' id='line_1_21' title="bbox 781 3075 3613 3186; baseline -0 -31"><span class='ocrx_word' id='word_1_174' title='bbox 781 3080 1101 3186; x_wconf 86' lang='lat' dir='ltr'>augusti,</span> <span class='ocrx_word' id='word_1_175' title='bbox 1137 3107 1333 3156; x_wconf 87' lang='lat' dir='ltr'>anno</span> <span class='ocrx_word' id='word_1_176' title='bbox 1370 3094 1506 3155; x_wconf 84' lang='lat'>11110</span> <span class='ocrx_word' id='word_1_177' title='bbox 1535 3078 1703 3184; x_wconf 74' lang='lat' dir='ltr'>[leq.</span> <span class='ocrx_word' id='word_1_178' title='bbox 1745 3077 1878 3183; x_wconf 86' lang='lat' dir='ltr'>vu]</span> <span class='ocrx_word' id='word_1_179' title='bbox 1922 3078 2332 3180; x_wconf 91' lang='lat' dir='ltr'>imperante</span> <span class='ocrx_word' id='word_1_180' title='bbox 2358 3075 2692 3167; x_wconf 79' lang='lat' dir='ltr'>Karolo⁹‚</span> <span class='ocrx_word' id='word_1_181' title='bbox 2727 3091 2834 3151; x_wconf 85' lang='lat'>111⁰</span> <span class='ocrx_word' id='word_1_182' title='bbox 2866 3079 2944 3152; x_wconf 88' lang='lat' dir='ltr'>in</span> <span class='ocrx_word' id='word_1_183' title='bbox 2972 3076 3250 3155; x_wconf 88' lang='lat' dir='ltr'>Galliis.</span> <span class='ocrx_word' id='word_1_184' title='bbox 3290 3078 3613 3184; x_wconf 87' lang='lat' dir='ltr'>Signavit</span> 
     </span>
     <span class='ocr_line' id='line_1_22' title="bbox 779 3203 3609 3312; baseline -0.001 -27"><span class='ocrx_word' id='word_1_185' title='bbox 779 3207 1237 3288; x_wconf 68' lang='lat' dir='ltr'>Adrabaldus</span> <span class='ocrx_word' id='word_1_186' title='bbox 1288 3207 1532 3284; x_wconf 90' lang='lat' dir='ltr'>levita.</span> <span class='ocrx_word' id='word_1_187' title='bbox 1576 3206 1899 3312; x_wconf 84' lang='lat' dir='ltr'>Signavit</span> <span class='ocrx_word' id='word_1_188' title='bbox 1937 3203 2395 3281; x_wconf 71' lang='lat' dir='ltr'>Ramnulfils.</span> <span class='ocrx_word' id='word_1_189' title='bbox 2439 3203 2514 3281; x_wconf 90' lang='lat' dir='ltr'>S.</span> <span class='ocrx_word' id='word_1_190' title='bbox 2552 3204 2880 3284; x_wconf 82' lang='lat' dir='ltr'>Adraldi.</span> <span class='ocrx_word' id='word_1_191' title='bbox 2924 3206 2999 3283; x_wconf 89' lang='lat' dir='ltr'>S.</span> <span class='ocrx_word' id='word_1_192' title='bbox 3044 3205 3324 3283; x_wconf 89' lang='lat' dir='ltr'>Geroli.</span> <span class='ocrx_word' id='word_1_193' title='bbox 3375 3206 3452 3284; x_wconf 89' lang='lat' dir='ltr'>S.</span> <span class='ocrx_word' id='word_1_194' title='bbox 3490 3208 3609 3283; x_wconf 87' lang='lat' dir='ltr'>Jo-</span> 
     </span>
    </p>
   </div>
   <div class='ocr_carea' id='block_1_5' title="bbox 779 3332 3612 3444">
    <p class='ocr_par' dir='ltr' id='par_1_5' title="bbox 779 3332 3612 3444">
     <span class='ocr_line' id='line_1_23' title="bbox 779 3332 3612 3444; baseline -0.001 -30"><span class='ocrx_word' id='word_1_195' title='bbox 779 3336 986 3444; x_wconf 88' lang='lat' dir='ltr'>seph.</span> <span class='ocrx_word' id='word_1_196' title='bbox 1039 3339 1114 3416; x_wconf 89' lang='lat' dir='ltr'>S.</span> <span class='ocrx_word' id='word_1_197' title='bbox 1167 3335 1570 3416; x_wconf 66' lang='lat' dir='ltr'>Germ-dim.</span> <span class='ocrx_word' id='word_1_198' title='bbox 1623 3335 1699 3412; x_wconf 91' lang='lat' dir='ltr'>S.</span> <span class='ocrx_word' id='word_1_199' title='bbox 1754 3332 2104 3412; x_wconf 89' lang='lat' dir='ltr'>Lotbarii.</span> <span class='ocrx_word' id='word_1_200' title='bbox 2159 3334 2236 3411; x_wconf 92' lang='lat' dir='ltr'>S.</span> <span class='ocrx_word' id='word_1_201' title='bbox 2280 3332 2660 3411; x_wconf 87' lang='lat' dir='ltr'>Arberti¹¹.</span> <span class='ocrx_word' id='word_1_202' title='bbox 2706 3334 2780 3411; x_wconf 91' lang='lat' dir='ltr'>S.</span> <span class='ocrx_word' id='word_1_203' title='bbox 2824 3332 3235 3414; x_wconf 85' lang='lat' dir='ltr'>Gumberti.</span> <span class='ocrx_word' id='word_1_204' title='bbox 3291 3334 3364 3412; x_wconf 90' lang='lat' dir='ltr'>S.</span> <span class='ocrx_word' id='word_1_205' title='bbox 3410 3334 3612 3412; x_wconf 89' lang='lat' dir='ltr'>Sera·</span> 
     </span>
    </p>
   </div>
   <div class='ocr_carea' id='block_1_6' title="bbox 644 3563 747 3610">
    <p class='ocr_par' dir='ltr' id='par_1_6' title="bbox 644 3563 747 3610">
     <span class='ocr_line' id='line_1_24' title="bbox 644 3563 747 3610; baseline 0 0"><span class='ocrx_word' id='word_1_206' title='bbox 644 3563 747 3610; x_wconf 62' lang='grc' dir='ltr'>οὗ</span> 
     </span>
    </p>
   </div>
   <div class='ocr_carea' id='block_1_7' title="bbox 777 3618 2123 5029">
    <p class='ocr_par' dir='ltr' id='par_1_7' title="bbox 865 3618 1478 3704">
     <span class='ocr_line' id='line_1_25' title="bbox 865 3618 1478 3704; baseline 0.005 -24"><span class='ocrx_word' id='word_1_207' title='bbox 865 3621 883 3650; x_wconf 79' lang='lat'><strong>⁶</strong></span> <span class='ocrx_word' id='word_1_208' title='bbox 932 3618 1256 3704; x_wconf 75' lang='lat' dir='ltr'>Hoosn&#39;das,</span> <span class='ocrx_word' id='word_1_209' title='bbox 1284 3620 1478 3684; x_wconf 86' lang='lat' dir='ltr'><strong>G.Ch.</strong></span> 
     </span>
    </p>

    <p class='ocr_par' dir='ltr' id='par_1_8' title="bbox 778 3721 2121 3908">
     <span class='ocr_line' id='line_1_26' title="bbox 865 3721 2121 3808; baseline 0.001 -26"><span class='ocrx_word' id='word_1_210' title='bbox 865 3721 885 3753; x_wconf 89' lang='lat'>⁷</span> <span class='ocrx_word' id='word_1_211' title='bbox 928 3721 1066 3784; x_wconf 77' lang='lat' dir='ltr'>Abb.</span> <span class='ocrx_word' id='word_1_212' title='bbox 1094 3721 1167 3784; x_wconf 88' lang='lat' dir='ltr'>G.</span> <span class='ocrx_word' id='word_1_213' title='bbox 1181 3722 1287 3785; x_wconf 88' lang='lat' dir='ltr'>Ch.</span> <span class='ocrx_word' id='word_1_214' title='bbox 1327 3746 1434 3808; x_wconf 89' lang='lat' dir='ltr'>pro</span> <span class='ocrx_word' id='word_1_215' title='bbox 1464 3723 1731 3786; x_wconf 78' lang='lat' dir='ltr'>Albionsis</span> <span class='ocrx_word' id='word_1_216' title='bbox 1757 3725 2026 3807; x_wconf 76' lang='lat' dir='ltr'>episcopus</span> <span class='ocrx_word' id='word_1_217' title='bbox 2052 3725 2121 3784; x_wconf 79' lang='lat' dir='ltr'>si-</span> 
     </span>
     <span class='ocr_line' id='line_1_27' title="bbox 778 3822 1407 3908; baseline 0.002 -24"><span class='ocrx_word' id='word_1_218' title='bbox 778 3826 982 3908; x_wconf 72' lang='lat' dir='ltr'>qnavit.</span> <span class='ocrx_word' id='word_1_219' title='bbox 1005 3822 1320 3885; x_wconf 62' lang='lat' dir='ltr'>Addolenak</span> <span class='ocrx_word' id='word_1_220' title='bbox 1344 3825 1407 3885; x_wconf 92' lang='lat' dir='ltr'>C.</span> 
     </span>
    </p>

    <p class='ocr_par' dir='ltr' id='par_1_9' title="bbox 777 3924 2122 4720">
     <span class='ocr_line' id='line_1_28' title="bbox 864 3924 2120 4011; baseline 0.002 -26"><span class='ocrx_word' id='word_1_221' title='bbox 864 3924 885 3957; x_wconf 80' lang='lat'>⁸</span> <span class='ocrx_word' id='word_1_222' title='bbox 932 3927 1065 3986; x_wconf 84' lang='lat' dir='ltr'>Post</span> <span class='ocrx_word' id='word_1_223' title='bbox 1090 3931 1288 3988; x_wconf 83' lang='lat' dir='ltr'>vocem</span> <span class='ocrx_word' id='word_1_224' title='bbox 1316 3928 1570 4011; x_wconf 73' lang='lat' dir='ltr'>siqnavit,</span> <span class='ocrx_word' id='word_1_225' title='bbox 1612 3928 1675 3986; x_wconf 89' lang='lat' dir='ltr'>in</span> <span class='ocrx_word' id='word_1_226' title='bbox 1718 3927 2120 4011; x_wconf 85' lang='lat' dir='ltr'>manuscriptis</span> 
     </span>
     <span class='ocr_line' id='line_1_29' title="bbox 783 4027 2120 4113; baseline 0.001 -26"><span class='ocrx_word' id='word_1_227' title='bbox 783 4027 849 4087; x_wconf 90' lang='lat' dir='ltr'>B.</span> <span class='ocrx_word' id='word_1_228' title='bbox 889 4027 954 4088; x_wconf 90' lang='lat' dir='ltr'>C.</span> <span class='ocrx_word' id='word_1_229' title='bbox 992 4039 1049 4088; x_wconf 91' lang='lat' dir='ltr'>et</span> <span class='ocrx_word' id='word_1_230' title='bbox 1078 4028 1191 4091; x_wconf 90' lang='lat' dir='ltr'>SG.</span> <span class='ocrx_word' id='word_1_231' title='bbox 1226 4028 1450 4112; x_wconf 84' lang='lat' dir='ltr'>phrasis</span> <span class='ocrx_word' id='word_1_232' title='bbox 1478 4029 1692 4111; x_wconf 84' lang='lat' dir='ltr'>legitur</span> <span class='ocrx_word' id='word_1_233' title='bbox 1721 4052 1848 4113; x_wconf 75' lang='lat' dir='ltr'>quoe</span> <span class='ocrx_word' id='word_1_234' title='bbox 1875 4030 2120 4112; x_wconf 86' lang='lat' dir='ltr'>antiqui-</span> 
     </span>
     <span class='ocr_line' id='line_1_30' title="bbox 782 4130 2118 4214; baseline 0.003 -27"><span class='ocrx_word' id='word_1_235' title='bbox 782 4138 875 4188; x_wconf 87' lang='lat' dir='ltr'>tus</span> <span class='ocrx_word' id='word_1_236' title='bbox 914 4130 1247 4214; x_wconf 85' lang='lat' dir='ltr'>interposita</span> <span class='ocrx_word' id='word_1_237' title='bbox 1275 4131 1576 4192; x_wconf 80' lang='lat' dir='ltr'>manifeste</span> <span class='ocrx_word' id='word_1_238' title='bbox 1614 4132 1840 4193; x_wconf 84' lang='lat' dir='ltr'>videtur</span> <span class='ocrx_word' id='word_1_239' title='bbox 1878 4144 1935 4193; x_wconf 86' lang='lat' dir='ltr'>et</span> <span class='ocrx_word' id='word_1_240' title='bbox 1972 4153 2118 4214; x_wconf 81' lang='lat' dir='ltr'>quae,</span> 
     </span>
     <span class='ocr_line' id='line_1_31' title="bbox 782 4231 2120 4316; baseline 0.004 -27"><span class='ocrx_word' id='word_1_241' title='bbox 782 4232 1024 4291; x_wconf 89' lang='lat' dir='ltr'>omnino</span> <span class='ocrx_word' id='word_1_242' title='bbox 1062 4231 1251 4292; x_wconf 86' lang='lat' dir='ltr'>aliena</span> <span class='ocrx_word' id='word_1_243' title='bbox 1290 4232 1503 4293; x_wconf 76' lang='lat' dir='ltr'>chartoe</span> <span class='ocrx_word' id='word_1_244' title='bbox 1548 4233 1797 4294; x_wconf 87' lang='lat' dir='ltr'>Frotarii</span> <span class='ocrx_word' id='word_1_245' title='bbox 1841 4233 2120 4316; x_wconf 88' lang='lat' dir='ltr'>archiepi-</span> 
     </span>
     <span class='ocr_line' id='line_1_32' title="bbox 781 4332 2120 4416; baseline 0.002 -24"><span class='ocrx_word' id='word_1_246' title='bbox 781 4333 961 4416; x_wconf 86' lang='lat' dir='ltr'>scopi,</span> <span class='ocrx_word' id='word_1_247' title='bbox 1003 4344 1157 4395; x_wconf 89' lang='lat' dir='ltr'>recte</span> <span class='ocrx_word' id='word_1_248' title='bbox 1208 4355 1241 4393; x_wconf 86' lang='lat' dir='ltr'>a</span> <span class='ocrx_word' id='word_1_249' title='bbox 1284 4332 1559 4404; x_wconf 79' lang='lat' dir='ltr'>ChesniO,</span> <span class='ocrx_word' id='word_1_250' title='bbox 1610 4335 1854 4398; x_wconf 86' lang='lat' dir='ltr'>Justello</span> <span class='ocrx_word' id='word_1_251' title='bbox 1892 4357 2120 4397; x_wconf 88' lang='lat' dir='ltr'>necnon</span> 
     </span>
     <span class='ocr_line' id='line_1_33' title="bbox 783 4432 2118 4518; baseline 0.003 -26"><span class='ocrx_word' id='word_1_252' title='bbox 783 4432 985 4493; x_wconf 68' lang='lat' dir='ltr'>Gallice</span> <span class='ocrx_word' id='word_1_253' title='bbox 999 4433 1302 4496; x_wconf 68' lang='lat' dir='ltr'>christiam</span> <span class='ocrx_word' id='word_1_254' title='bbox 1316 4435 1714 4518; x_wconf 85' lang='lat' dir='ltr'>operatoribus</span> <span class='ocrx_word' id='word_1_255' title='bbox 1729 4484 1742 4505; x_wconf 91' lang='lat'>,</span> <span class='ocrx_word' id='word_1_256' title='bbox 1766 4438 1974 4497; x_wconf 89' lang='lat' dir='ltr'>omissa</span> <span class='ocrx_word' id='word_1_257' title='bbox 1993 4436 2118 4507; x_wconf 79' lang='lat' dir='ltr'>fuit,</span> 
     </span>
     <span class='ocr_line' id='line_1_34' title="bbox 778 4536 2122 4622; baseline 0.004 -29"><span class='ocrx_word' id='word_1_258' title='bbox 778 4544 835 4594; x_wconf 87' lang='lat' dir='ltr'>et</span> <span class='ocrx_word' id='word_1_259' title='bbox 862 4556 895 4594; x_wconf 97' lang='lat' dir='ltr'>a</span> <span class='ocrx_word' id='word_1_260' title='bbox 920 4536 1161 4597; x_wconf 86' lang='lat' dir='ltr'>domino</span> <span class='ocrx_word' id='word_1_261' title='bbox 1178 4537 1432 4599; x_wconf 79' lang='lat' dir='ltr'>Vaissete</span> <span class='ocrx_word' id='word_1_262' title='bbox 1451 4536 1688 4620; x_wconf 84' lang='lat' dir='ltr'>dejecta.</span> <span class='ocrx_word' id='word_1_263' title='bbox 1720 4538 1927 4599; x_wconf 81' lang='lat' dir='ltr'>Textus</span> <span class='ocrx_word' id='word_1_264' title='bbox 1952 4537 2122 4622; x_wconf 83' lang='lat' dir='ltr'>phra-</span> 
     </span>
     <span class='ocr_line' id='line_1_35' title="bbox 777 4637 1542 4720; baseline 0.003 -27"><span class='ocrx_word' id='word_1_265' title='bbox 777 4655 903 4695; x_wconf 87' lang='lat' dir='ltr'>seos</span> <span class='ocrx_word' id='word_1_266' title='bbox 928 4637 1094 4697; x_wconf 87' lang='lat' dir='ltr'>istius</span> <span class='ocrx_word' id='word_1_267' title='bbox 1124 4637 1505 4720; x_wconf 86' lang='lat' dir='ltr'>subsequitur</span> <span class='ocrx_word' id='word_1_268' title='bbox 1530 4661 1542 4695; x_wconf 75' lang='grc' dir='ltr'><strong>ε</strong></span> 
     </span>
    </p>

    <p class='ocr_par' dir='ltr' id='par_1_10' title="bbox 778 4737 2123 5029">
     <span class='ocr_line' id='line_1_36' title="bbox 859 4737 2123 4823; baseline 0.003 -26"><span class='ocrx_word' id='word_1_269' title='bbox 859 4762 883 4791; x_wconf 78' lang='grc' dir='ltr'>ι</span> <span class='ocrx_word' id='word_1_270' title='bbox 900 4737 1186 4799; x_wconf 83' lang='lat' dir='ltr'>Sanctum</span> <span class='ocrx_word' id='word_1_271' title='bbox 1235 4739 1610 4808; x_wconf 87' lang='lat' dir='ltr'>mandatum,</span> <span class='ocrx_word' id='word_1_272' title='bbox 1653 4739 1815 4823; x_wconf 89' lang='lat' dir='ltr'>quod</span> <span class='ocrx_word' id='word_1_273' title='bbox 1866 4739 2123 4803; x_wconf 82' lang='lat' dir='ltr'>Salvator</span> 
     </span>
     <span class='ocr_line' id='line_1_37' title="bbox 778 4841 2119 4926; baseline 0.005 -30"><span class='ocrx_word' id='word_1_274' title='bbox 778 4863 801 4890; x_wconf 80' lang='grc' dir='ltr'>ι</span> <span class='ocrx_word' id='word_1_275' title='bbox 818 4849 1013 4900; x_wconf 83' lang='lat' dir='ltr'>noster</span> <span class='ocrx_word' id='word_1_276' title='bbox 1048 4841 1324 4912; x_wconf 85' lang='lat' dir='ltr'>instituit,</span> <span class='ocrx_word' id='word_1_277' title='bbox 1363 4841 1547 4924; x_wconf 84' lang='lat' dir='ltr'>pridie</span> <span class='ocrx_word' id='word_1_278' title='bbox 1587 4865 1765 4925; x_wconf 90' lang='lat' dir='ltr'>quam</span> <span class='ocrx_word' id='word_1_279' title='bbox 1810 4854 2119 4926; x_wconf 86' lang='lat' dir='ltr'>pateretur,</span> 
     </span>
     <span class='ocr_line' id='line_1_38' title="bbox 779 4937 2121 5029; baseline 0.008 -34"><span class='ocrx_word' id='word_1_280' title='bbox 779 4963 801 4994; x_wconf 82' lang='grc' dir='ltr'>ι</span> <span class='ocrx_word' id='word_1_281' title='bbox 819 4938 1124 5001; x_wconf 82' lang='lat' dir='ltr'>abluendis</span> <span class='ocrx_word' id='word_1_282' title='bbox 1154 4942 1400 5026; x_wconf 86' lang='lat' dir='ltr'>pedibus</span> <span class='ocrx_word' id='word_1_283' title='bbox 1437 4937 1786 5029; x_wconf 84' lang='lat' dir='ltr'>pauperum,</span> <span class='ocrx_word' id='word_1_284' title='bbox 1831 4966 1991 5006; x_wconf 87' lang='lat' dir='ltr'>nunc</span> <span class='ocrx_word' id='word_1_285' title='bbox 2029 4945 2121 5007; x_wconf 90' lang='lat' dir='ltr'>de-</span> 
     </span>
    </p>
   </div>
   <div class='ocr_carea' id='block_1_8' title="bbox 2269 3620 3610 4090">
    <p class='ocr_par' dir='ltr' id='par_1_11' title="bbox 2269 3620 3610 4090">
     <span class='ocr_line' id='line_1_39' title="bbox 2274 3620 3610 3693; baseline 0.005 -16"><span class='ocrx_word' id='word_1_286' title='bbox 2274 3633 2604 3684; x_wconf 75' lang='lat' dir='ltr'>«structum</span> <span class='ocrx_word' id='word_1_287' title='bbox 2650 3633 2737 3681; x_wconf 82' lang='lat' dir='ltr'>est</span> <span class='ocrx_word' id='word_1_288' title='bbox 2767 3621 2845 3682; x_wconf 87' lang='lat' dir='ltr'>ab</span> <span class='ocrx_word' id='word_1_289' title='bbox 2882 3620 3092 3682; x_wconf 87' lang='lat' dir='ltr'>eodem</span> <span class='ocrx_word' id='word_1_290' title='bbox 3138 3620 3346 3682; x_wconf 79' lang='lat' dir='ltr'>abbate</span> <span class='ocrx_word' id='word_1_291' title='bbox 3385 3635 3610 3693; x_wconf 84' lang='lat' dir='ltr'>nostro,</span> 
     </span>
     <span class='ocr_line' id='line_1_40' title="bbox 2270 3721 3607 3807; baseline 0.004 -27"><span class='ocrx_word' id='word_1_292' title='bbox 2270 3751 2292 3780; x_wconf 72' lang='grc' dir='ltr'>ι</span> <span class='ocrx_word' id='word_1_293' title='bbox 2311 3726 2412 3807; x_wconf 84' lang='lat' dir='ltr'>qui</span> <span class='ocrx_word' id='word_1_294' title='bbox 2441 3724 2650 3784; x_wconf 89' lang='lat' dir='ltr'>melius</span> <span class='ocrx_word' id='word_1_295' title='bbox 2689 3724 2899 3784; x_wconf 88' lang='lat' dir='ltr'>merito</span> <span class='ocrx_word' id='word_1_296' title='bbox 2939 3722 3115 3807; x_wconf 89' lang='lat' dir='ltr'>lupus</span> <span class='ocrx_word' id='word_1_297' title='bbox 3153 3721 3366 3784; x_wconf 81' lang='lat' dir='ltr'>dicitur</span> <span class='ocrx_word' id='word_1_298' title='bbox 3409 3743 3607 3807; x_wconf 83' lang='lat' dir='ltr'>rapax,</span> 
     </span>
     <span class='ocr_line' id='line_1_41' title="bbox 2270 3824 3607 3908; baseline 0.004 -27"><span class='ocrx_word' id='word_1_299' title='bbox 2270 3853 2291 3881; x_wconf 78' lang='grc' dir='ltr'>ι</span> <span class='ocrx_word' id='word_1_300' title='bbox 2311 3828 2412 3908; x_wconf 87' lang='lat' dir='ltr'>qui</span> <span class='ocrx_word' id='word_1_301' title='bbox 2450 3826 2559 3886; x_wconf 87' lang='lat' dir='ltr'>sibi</span> <span class='ocrx_word' id='word_1_302' title='bbox 2593 3825 2846 3885; x_wconf 86' lang='lat' dir='ltr'>vindicat</span> <span class='ocrx_word' id='word_1_303' title='bbox 2874 3824 3120 3886; x_wconf 86' lang='lat' dir='ltr'>eandem</span> <span class='ocrx_word' id='word_1_304' title='bbox 3150 3824 3578 3908; x_wconf 84' lang='lat' dir='ltr'>eleemosynam</span> <span class='ocrx_word' id='word_1_305' title='bbox 3595 3876 3607 3896; x_wconf 89' lang='lat'>,</span> 
     </span>
     <span class='ocr_line' id='line_1_42' title="bbox 2269 3926 3609 4011; baseline 0.004 -29"><span class='ocrx_word' id='word_1_306' title='bbox 2269 3955 2291 3982; x_wconf 80' lang='grc' dir='ltr'>ι</span> <span class='ocrx_word' id='word_1_307' title='bbox 2311 3929 2428 3988; x_wconf 83' lang='lat' dir='ltr'>sive</span> <span class='ocrx_word' id='word_1_308' title='bbox 2456 3948 2730 3988; x_wconf 87' lang='lat' dir='ltr'>nummos</span> <span class='ocrx_word' id='word_1_309' title='bbox 2757 3949 2904 4009; x_wconf 90' lang='lat' dir='ltr'>quos</span> <span class='ocrx_word' id='word_1_310' title='bbox 2937 3926 3188 4011; x_wconf 84' lang='lat' dir='ltr'>pontifex</span> <span class='ocrx_word' id='word_1_311' title='bbox 3212 3927 3497 3990; x_wconf 78' lang='lat' dir='ltr'>Rodulfus</span> <span class='ocrx_word' id='word_1_312' title='bbox 3528 3929 3609 3989; x_wconf 89' lang='lat' dir='ltr'>ibi</span> 
     </span>
     <span class='ocr_line' id='line_1_43' title="bbox 2271 4030 2679 4090; baseline 0 -6"><span class='ocrx_word' id='word_1_313' title='bbox 2271 4056 2292 4084; x_wconf 79' lang='grc' dir='ltr'>ι</span> <span class='ocrx_word' id='word_1_314' title='bbox 2307 4030 2638 4090; x_wconf 80' lang='lat' dir='ltr'>constituit:</span> <span class='ocrx_word' id='word_1_315' title='bbox 2656 4055 2679 4084; x_wconf 72' lang='grc' dir='ltr'><strong>ι</strong></span> 
     </span>
    </p>
   </div>
   <div class='ocr_carea' id='block_1_9' title="bbox 2356 4129 3742 4214">
    <p class='ocr_par' dir='ltr' id='par_1_12' title="bbox 2356 4129 3742 4214">
     <span class='ocr_line' id='line_1_44' title="bbox 2356 4129 3742 4214; baseline -0.001 -22"><span class='ocrx_word' id='word_1_316' title='bbox 2356 4129 2377 4162; x_wconf 79' lang='lat'><strong>⁹</strong></span> <span class='ocrx_word' id='word_1_317' title='bbox 2419 4130 2627 4193; x_wconf 87' lang='lat' dir='ltr'>Carolo</span> <span class='ocrx_word' id='word_1_318' title='bbox 2647 4131 2881 4203; x_wconf 83' lang='lat' dir='ltr'>Crass0,</span> <span class='ocrx_word' id='word_1_319' title='bbox 2905 4133 3009 4214; x_wconf 89' lang='lat' dir='ltr'>qui</span> <span class='ocrx_word' id='word_1_320' title='bbox 3029 4133 3092 4191; x_wconf 85' lang='lat' dir='ltr'>in</span> <span class='ocrx_word' id='word_1_321' title='bbox 3119 4131 3281 4191; x_wconf 85' lang='lat' dir='ltr'>Italia</span> <span class='ocrx_word' id='word_1_322' title='bbox 3300 4151 3437 4191; x_wconf 89' lang='lat' dir='ltr'>ann.</span> <span class='ocrx_word' id='word_1_323' title='bbox 3463 4129 3605 4200; x_wconf 82' lang='lat'>881,</span> <span class='ocrx_word' id='word_1_324' title='bbox 3732 4169 3742 4178; x_wconf 86' lang='lat'><strong>·</strong></span> 
     </span>
    </p>
   </div>
   <div class='ocr_carea' id='block_1_10' title="bbox 2269 4230 3608 4298">
    <p class='ocr_par' dir='ltr' id='par_1_13' title="bbox 2269 4230 3608 4298">
     <span class='ocr_line' id='line_1_45' title="bbox 2269 4230 3608 4298; baseline -0.002 -5"><span class='ocrx_word' id='word_1_325' title='bbox 2269 4254 2373 4294; x_wconf 91' lang='lat' dir='ltr'>seu</span> <span class='ocrx_word' id='word_1_326' title='bbox 2397 4235 2460 4293; x_wconf 92' lang='lat' dir='ltr'>in</span> <span class='ocrx_word' id='word_1_327' title='bbox 2479 4234 2679 4296; x_wconf 87' lang='lat' dir='ltr'>Galliis</span> <span class='ocrx_word' id='word_1_328' title='bbox 2700 4236 2760 4294; x_wconf 90' lang='lat' dir='ltr'>in</span> <span class='ocrx_word' id='word_1_329' title='bbox 2789 4254 2990 4294; x_wconf 88' lang='lat' dir='ltr'>mense</span> <span class='ocrx_word' id='word_1_330' title='bbox 3005 4232 3301 4293; x_wconf 83' lang='lat' dir='ltr'>decembri</span> <span class='ocrx_word' id='word_1_331' title='bbox 3320 4231 3459 4290; x_wconf 88' lang='lat' dir='ltr'>anni</span> <span class='ocrx_word' id='word_1_332' title='bbox 3485 4230 3608 4298; x_wconf 75' lang='lat'>884</span> 
     </span>
    </p>
   </div>
   <div class='ocr_carea' id='block_1_11' title="bbox 2269 4331 3612 5009">
    <p class='ocr_par' dir='ltr' id='par_1_14' title="bbox 2269 4331 3610 4608">
     <span class='ocr_line' id='line_1_46' title="bbox 2269 4331 3609 4420; baseline -0.003 -25"><span class='ocrx_word' id='word_1_333' title='bbox 2269 4346 2496 4397; x_wconf 81' lang='lat' dir='ltr'>tantum</span> <span class='ocrx_word' id='word_1_334' title='bbox 2522 4338 2807 4420; x_wconf 88' lang='lat' dir='ltr'>imperare</span> <span class='ocrx_word' id='word_1_335' title='bbox 2835 4336 3021 4419; x_wconf 85' lang='lat' dir='ltr'>coepit.</span> <span class='ocrx_word' id='word_1_336' title='bbox 3046 4335 3133 4394; x_wconf 86' lang='lat' dir='ltr'>De</span> <span class='ocrx_word' id='word_1_337' title='bbox 3156 4345 3293 4393; x_wconf 87' lang='lat' dir='ltr'>nota</span> <span class='ocrx_word' id='word_1_338' title='bbox 3311 4333 3419 4391; x_wconf 82' lang='lat' dir='ltr'>ista</span> <span class='ocrx_word' id='word_1_339' title='bbox 3446 4331 3609 4392; x_wconf 88' lang='lat' dir='ltr'>chro-</span> 
     </span>
     <span class='ocr_line' id='line_1_47' title="bbox 2270 4434 3610 4520; baseline -0.002 -23"><span class='ocrx_word' id='word_1_340' title='bbox 2270 4439 2399 4499; x_wconf 85' lang='lat' dir='ltr'>nica</span> <span class='ocrx_word' id='word_1_341' title='bbox 2439 4438 2645 4499; x_wconf 87' lang='lat' dir='ltr'>videsis</span> <span class='ocrx_word' id='word_1_342' title='bbox 2686 4438 2951 4520; x_wconf 87' lang='lat' dir='ltr'>superius</span> <span class='ocrx_word' id='word_1_343' title='bbox 3009 4436 3175 4498; x_wconf 76' lang='lat' dir='ltr'>Notos</span> <span class='ocrx_word' id='word_1_344' title='bbox 3209 4446 3261 4494; x_wconf 76' lang='lat' dir='ltr'>et</span> <span class='ocrx_word' id='word_1_345' title='bbox 3298 4434 3610 4494; x_wconf 55' lang='lat' dir='ltr'>&amp;claircisse-</span> 
     </span>
     <span class='ocr_line' id='line_1_48' title="bbox 2269 4552 2773 4608; baseline -0.004 -7"><span class='ocrx_word' id='word_1_346' title='bbox 2269 4552 2465 4608; x_wconf 75' lang='lat' dir='ltr'>ments,</span> <span class='ocrx_word' id='word_1_347' title='bbox 2499 4562 2660 4601; x_wconf 87' lang='lat' dir='ltr'>num.</span> <span class='ocrx_word' id='word_1_348' title='bbox 2697 4561 2773 4600; x_wconf 78' lang='lat' dir='ltr'>iv.</span> 
     </span>
    </p>

    <p class='ocr_par' dir='ltr' id='par_1_15' title="bbox 2269 4638 3612 4807">
     <span class='ocr_line' id='line_1_49' title="bbox 2357 4638 3612 4724; baseline -0.002 -23"><span class='ocrx_word' id='word_1_349' title='bbox 2357 4641 2399 4673; x_wconf 75' lang='lat'>¹⁸</span> <span class='ocrx_word' id='word_1_350' title='bbox 2443 4642 2576 4702; x_wconf 84' lang='lat' dir='ltr'>Haec</span> <span class='ocrx_word' id='word_1_351' title='bbox 2600 4640 2940 4724; x_wconf 85' lang='lat' dir='ltr'>subscriptio</span> <span class='ocrx_word' id='word_1_352' title='bbox 2960 4649 3382 4722; x_wconf 85' lang='lat' dir='ltr'>sequentesque</span> <span class='ocrx_word' id='word_1_353' title='bbox 3401 4638 3612 4699; x_wconf 85' lang='lat' dir='ltr'>desunt</span> 
     </span>
     <span class='ocr_line' id='line_1_50' title="bbox 2269 4744 2460 4807; baseline -0.021 0"><span class='ocrx_word' id='word_1_354' title='bbox 2269 4744 2341 4807; x_wconf 89' lang='lat' dir='ltr'>G.</span> <span class='ocrx_word' id='word_1_355' title='bbox 2353 4744 2460 4805; x_wconf 91' lang='lat' dir='ltr'>Ch.</span> 
     </span>
    </p>

    <p class='ocr_par' dir='ltr' id='par_1_16' title="bbox 2269 4841 3611 5009">
     <span class='ocr_line' id='line_1_51' title="bbox 2355 4841 3611 4927; baseline -0.004 -21"><span class='ocrx_word' id='word_1_356' title='bbox 2355 4844 2395 4874; x_wconf 87' lang='lat'>¹¹</span> <span class='ocrx_word' id='word_1_357' title='bbox 2444 4845 2691 4906; x_wconf 85' lang='lat' dir='ltr'>Airberti</span> <span class='ocrx_word' id='word_1_358' title='bbox 2732 4857 3188 4927; x_wconf 80' lang='lat' dir='ltr'>coeterorumque</span> <span class='ocrx_word' id='word_1_359' title='bbox 3239 4843 3474 4904; x_wconf 83' lang='lat' dir='ltr'>nomina</span> <span class='ocrx_word' id='word_1_360' title='bbox 3516 4841 3611 4900; x_wconf 88' lang='lat' dir='ltr'>ab·</span> 
     </span>
     <span class='ocr_line' id='line_1_52' title="bbox 2269 4946 2538 5009; baseline 0.004 -3"><span class='ocrx_word' id='word_1_361' title='bbox 2269 4958 2407 5006; x_wconf 88' lang='lat' dir='ltr'>sunt</span> <span class='ocrx_word' id='word_1_362' title='bbox 2433 4946 2538 5009; x_wconf 88' lang='lat' dir='ltr'>Ch.</span> 
     </span>
    </p>
   </div>
   <div class='ocr_carea' id='block_1_12' title="bbox 3240 5089 3298 5141">
    <p class='ocr_par' dir='ltr' id='par_1_17' title="bbox 3240 5089 3298 5141">
     <span class='ocr_line' id='line_1_53' title="bbox 3240 5089 3298 5141; baseline -0.069 0"><span class='ocrx_word' id='word_1_363' title='bbox 3240 5089 3298 5141; x_wconf 81' lang='grc' dir='ltr'>ιἰ.</span> 
     </span>
    </p>
   </div>
  </div>
 </body>
</html>
