4442 5769
977 513 1121 583 312

965 658 1207 716 Dsscnws
1230 657 1616 732 (Belliiocensis
1640 657 1919 732 ooenobii?)
1934 699 1948 722 ,
1977 657 2043 713 de
2073 677 2179 733 quo
2205 657 2320 713 Rai-

1043 752 1231 815 nsidus
1243 752 1478 828 quadam
1499 751 1724 808 babebat
1740 751 1808 807 sd
1825 750 2001 806 fevum
2015 791 2029 816 ,
2040 751 2318 808 CXXXVI.

967 848 1205 902 Daunus
1216 847 1468 912 Belliioci,
1480 845 1783 919 Willelmps
1794 886 1809 909 ,
1821 845 2003 900 XCIX.
2016 843 2150 901 Vide
2159 846 2317 901 etism

1042 940 1089 994 F
1087 937 1289 995 rodinus
1295 979 1317 1004 ,
1336 942 1455 1016 qui,
1474 940 1711 1016 primum
1741 939 2101 994 Belliiocensis
2133 938 2315 1001 abbas,

1041 1035 1345 1089 monasterii
1369 1033 1668 1089 Tutelensis
1687 1043 1860 1089 rector
1880 1033 2048 1088 factus
2064 1073 2077 1096 ,
2099 1032 2318 1088 demm-

1039 1140 1154 1182 tum
1175 1129 1415 1184 Beliiioci
1442 1139 1646 1182 tantum
1666 1128 1902 1183 retinuit.

965 1222 1274 1278 Dsscsiumns
1299 1241 1394 1278 seu
1408 1223 1783 1284 Durumnus,
1802 1222 2056 1278 sacerdos.
2072 1222 2205 1277 Vide
2227 1223 2322 1276 Ds-

1043 1313 1293 1370 thar-adas.

965 1409 1192 1474 Damus,
1209 1410 1525 1465 decimarius
1539 1421 1592 1463 et
1611 1409 1784 1465 sevum
1799 1408 2106 1486 presbyterii
2119 1429 2150 1463 a
2165 1410 2320 1464 Petro

1041 1503 1108 1558 de
1137 1503 1188 1557 la
1216 1502 1463 1559 Gai-della
1492 1504 1754 1567 concessi,
1788 1503 1843 1557 in
1884 1503 2106 1559 ecclesis
2138 1503 2318 1559 Sancti

1039 1597 1290 1672 Stephani
1312 1597 1379 1651 de
1400 1596 1577 1654 Lusde
1590 1637 1605 1660 ,
1628 1597 1861 1652 XXXVI.

962 1693 1319 1753 nectamus,
1346 1692 1579 1747 XXXVI.
1606 1689 1739 1746 Vide
1761 1675 1982 1745 Decima.

965 1786 1140 1848 Dans,
1166 1784 1408 1842 Gerberti
1430 1804 1574 1848 uxor,
1595 1784 1835 1840 donatrix
1846 1783 2087 1849 „Lxxw

964 1880 1198 1941 Dsosus,
1225 1880 1395 1944 testis,
1423 1879 1557 1935 LIV.

963 1975 1404 2037 Daunoni-uuus,
1425 1972 1594 2035 testis,
1624 1974 1731 2028 LV.
1761 1974 1770 1981 ‘

963 2069 1274 2132 osonum,
1298 2068 1466 2132 testis,
1493 2068 1695 2124 CLVII.

963 2163 1286 2226 Daoi-imus,
1306 2162 1465 2226 testis,
1504 2162 1733 2217 LXXVI.

966 2259 1284 2321 Dsoumus,
1311 2255 1480 2320 testis,
1502 2254 1726 2310 CLXVI.

964 2352 1265 2406 Dsoruuns
1277 2391 1289 2410 ,
1310 2348 1533 2404 vicarius
1545 2389 1560 2412 ,
1578 2349 1748 2411 testis,
1766 2348 1921 2403 CXV.

965 2444 1258 2506 Deouuus,
1280 2442 1514 2506 donator,
1542 2441 1796 2496 CXLVII.

965 2536 1355 2597 Dnncotssnuu,
1385 2533 1560 2599 locus,
1582 2534 1636 2587 in
1666 2552 1800 2608 pago
1827 2531 2162 2586 Lemovicino
2190 2542 2244 2586 et
2263 2533 2319 2586 in

1039 2629 1228 2683 vicaria
1247 2627 1523 2682 Asnacensi
1538 2669 1552 2691 ,
1573 2626 1664 2680 ubi
1679 2624 1860 2702 piures
1874 2624 2041 2681 mansi
2057 2624 2321 2680 Belloloco

1039 2721 1270 2785 dimissi,
1309 2720 1557 2776 CXLVII.
1595 2751 1668 2762 —
1702 2719 1859 2773 Forte
1887 2717 2029 2773 idem
2064 2719 2157 2794 qui
2191 2718 2321 2773 alias

1037 2814 1258 2869 Arcoleu
1277 2813 1394 2888 (de)
1425 2822 1779 2888 nuncupatur.
1808 2841 1881 2855 -
1904 2811 2170 2887 Ancnust)

965 2910 1229 2966 Dssrsino
1252 2908 1337 2983 (W
1341 2907 1473 2982 m..)
1488 2948 1501 2972 ,
1522 2909 1692 2972 testis,
1714 2907 1926 2963 CXCII.

853 3035 869 3049 ·
962 3004 1312 3061 Dnmssmus
1332 3004 1770 3067 seuDscsnsnus,
1789 3000 2053 3067 sacerdos,
2079 3000 2318 3062 donator,

1037 3099 1240 3155 CLVII.

963 3189 1288 3255 Dansmtnrr,
1306 3191 1706 3247 archidiaconus
1727 3189 1968 3245 Ecclesiae
1987 3189 2320 3244 Lemovicen·

1036 3287 1133 3351 sis,
1158 3285 1326 3347 testis,
1355 3285 1499 3339 XIII.

960 3379 1217 3439 Dausnsr,
1238 3377 1547 3437 monachus,
1564 3386 1772 3450 emptor
1790 3385 1842 3429 et
1859 3375 2094 3438 donator,
2106 3375 2317 3429 CXXII.

959 3470 1216 3534 Densum,
1233 3471 1536 3544 praepositus
1557 3467 1795 3524 Beliiloci
1810 3509 1824 3531 ,
1850 3467 1995 3523 testis
2010 3508 2026 3532 ,
2045 3469 2134 3524 XC
2149 3507 2163 3529 ,
2184 3468 2314 3522 CLI.

959 3564 1218 3625 Densus-r,
1239 3562 1412 3624 testis,
1434 3562 1591 3618 LVII.

958 3657 1213 3718 Densum,
1235 3655 1405 3719 testis,
1429 3655 1589 3710 LXII.

957 3750 1216 3812 Drusum,
1237 3748 1408 3810 testis,
1432 3750 1637 3804 CXXX.

957 3844 1213 3911 Dsusnm,
1236 3845 1409 3908 testis,
1435 3844 1691 3900 CXLVII.

956 3939 1296 3995 stmaoms
1309 3979 1323 4003 ,
1344 3938 1485 3992 villa.
1503 3939 1546 3993 V
1551 3937 1639 3991 ide
1659 3936 1935 3989 Daviliolae.

954 4035 1221 4090 Duconus
1243 4034 1565 4088 Csnmusns
1585 4031 1830 4085 Romanas
1849 4029 2120 4095 Ecciesiae,
2147 4031 2214 4085 II.

959 4129 1090 4183 Dm.
1115 4127 1300 4199 (Fons)
1315 4169 1328 4188 ,
1353 4126 1524 4189 locus,
1545 4123 1805 4179 XXXVII.
1822 4121 2052 4177 —Idem
2071 4141 2196 4178 sane
2223 4125 2314 4199 qni

1030 4219 1247 4275 Fondial
1267 4219 1550 4274 maresium
1581 4235 1738 4293 supra
1769 4227 1821 4270 et
1853 4215 2008 4291 paulo
2032 4228 2150 4293 post
2178 4236 2313 4273 nun-

1031 4323 1280 4387 cupatur,
1303 4311 1420 4367 ibid.
1453 4311 1582 4367 Vide
1603 4311 1650 4366 F
1649 4308 1832 4365 ondial.

956 4406 1098 4460 Dmo
1112 4445 1124 4467 ,
1148 4406 1314 4468 testis,
1335 4406 1563 4461 CXXIX.

957 4500 1249 4562 Diuscuns,
1272 4498 1435 4552 curtis
1450 4538 1463 4560 ,
1483 4499 1601 4553 XII.
1624 4497 1756 4554 Vide
1778 4496 2033 4562 niniam.

954 4592 1208 4648 Dmucus
1232 4588 1338 4645 sive'
1358 4591 1649 4654 Dmscuus,
1677 4591 1839 4646 curtis
1865 4610 1958 4646 seu
1982 4601 2139 4666 caput
2161 4609 2308 4646 man-

1031 4704 1209 4740 sorum
1223 4725 1237 4747 ,
1281 4683 1369 4738 ubi
1417 4693 1644 4737 castrum
1684 4683 2034 4746 Castelucius,
2075 4684 2132 4737 in
2176 4703 2311 4759 pago

1033 4778 1381 4840 Lemovicino,
1403 4777 1455 4830 in
1476 4776 1664 4833 vicaria
1686 4777 2067 4841 Barrensisits,
2091 4778 2313 4832 Ermen-

1032 4874 1139 4927 rico
1159 4892 1187 4927 s
1207 4891 1327 4947 rege
1347 4869 1699 4926 carlomanno
1713 4890 1973 4936 concessa,
1994 4871 2221 4927 CLXVI.
2235 4903 2311 4915 —

1914 509 2238 582 INDEX
2290 509 2887 584 GENERALIS.

2546 657 2622 713 Ab
2648 659 2952 716 Ermenrico
2990 656 3423 714 Bellilocensibus
3462 661 3675 728 collata,
3717 663 3825 720 LV.

2546 754 2698 808 —Et
2716 753 2783 808 sb
2800 752 3025 810 Oddone
3049 771 3172 827 rege
3204 754 3262 808 in
3280 754 3404 828 jure
3429 766 3482 809 et
3498 757 3827 832 possoesione

2545 846 2723 902 Sancti
2763 848 2902 903 Petri
2948 845 3281 909 confirmata,
3322 849 3439 905 XII.
3479 880 3554 892 —
3592 851 3823 916 Dione,

2545 939 2667 1016 pres
2685 939 3080 997 Cbsmboulive.

2471 1035 2827 1098 Docrrnicus,
2848 1034 3019 1099 testis,
3043 1035 3197 1091 XLV.

2472 1129 2626 1185 Dono
2646 1147 2741 1184 seu
2760 1129 3036 1192 Bonosus,
3056 1130 3228 1193 testis,
3249 1130 3483 1185 LXVIII.

2472 1222 2720 1278 Dononus
2748 1242 2841 1278 sen
2864 1223 3035 1280 Dono.
3058 1223 3190 1282 Vide
3211 1222 3368 1278 Dodo.

2472 1317 2637 1382 nmo,
2670 1316 2843 1381 Iocus,
2862 1318 2920 1371 in
2946 1336 3076 1393 pago
3105 1317 3443 1373 Lemovicino
3468 1328 3521 1374 et
3549 1318 3602 1372 in
3635 1318 3817 1374 viceris

2547 1412 2857 1474 Asnscensi,
2889 1413 3045 1467 CXX.
3078 1443 3152 1454 -
3185 1411 3286 1467 Ubi
3325 1423 3534 1486 pratum
3563 1430 3592 1466 a
3623 1413 3818 1467 Beseno

2547 1505 2871 1561 Transoendi
2891 1505 3098 1560 semina
3116 1506 3391 1562 dimissum
3405 1547 3419 1571 ,
3439 1506 3714 1562 CXXVIII.

2472 1599 2787 1662 nouimus,
2808 1600 2979 1663 testis,
2999 1601 3246 1656 cmxx.
3592 1585 3604 1594 '

2474 1693 2787 1756 Domum,
2809 1693 2979 1757 testis,
3001 1694 3325 1750 CLXXXIV.

2471 1787 2695 1843 Doussu
2712 1786 2814 1859 (An
2828 1804 2950 1843 ltu
2962 1789 2997 1860 ),
3021 1786 3193 1852 locus,
3212 1788 3267 1843 in
3282 1789 3407 1843 orbe
3423 1789 3751 1844 Lemovicino
3768 1800 3818 1841 et

2547 1883 2605 1934 in
2679 1881 2866 1935 vicaria
2935 1879 3214 1936 Asnscensi
3282 1881 3439 1945 situs,
3506 1881 3815 1943 CXXXVII,

2546 1974 2873 2030 CXXXVIII.
2903 2006 2976 2017 —-
2996 1974 3257 2031 Donasse

2472 2068 2797 2124 Doununus
2814 2108 2829 2131 ,
2897 2067 3231 2143 ngunsredi
3297 2067 3562 2123 donatoris
3633 2067 3814 2127 frater,

2545 2161 2825 2217 CXLVIII.

2470 2253 2777 2319 Dosmsus,
2806 2254 3227 2331 archipresbyter
3263 2256 3318 2310 in
3354 2254 3561 2309 dioecesi
3590 2254 3816 2310 Lemovi-

2546 2350 2719 2411 censi,
2740 2349 2912 2413 testis,
2939 2350 3082 2404 XIII.

2470 2441 2766 2506 Dousnsus,
2787 2442 3023 2505 donator,
3035 2442 3307 2518 Principia
3326 2441 3543 2497 msritus
3556 2481 3570 2504 ,
3590 2440 3814 2494 LXXXI.

2468 2535 2775 2600 Dousnnus,
2797 2537 2964 2601 testis,
2986 2535 3148 2590 XVII.

2470 2628 2774 2691 Dossnsus,
2799 2628 2969 2692 testis,
2990 2629 3180 2691 XLIII,

2469 2721 2776 2786 Bonosus,
2797 2723 2942 2776 testis
2957 2763 2971 2784 ,
2994 2722 3098 2776 LV.

2399 2817 2405 2824 ’
2469 2816 2774 2881 Donnssus,
2797 2815 2965 2880 testis,
2987 2816 3167 2871 LXIV.

2468 2910 2774 2972 Dousnssus,
2799 2910 2966 2974 testis,
2990 2910 3197 2973 CXXII,

2467 3004 2774 3068 Dousnsus,
2796 3003 2965 3068 testis,
2988 3003 3209 3061 CLXVI.

2468 3098 2773 3163 Doumsus,
2796 3098 2966 3162 testis,
2987 3096 3314 3151 CLXXXIII.

2468 3192 2773 3255 Domuum,
2804 3209 3071 3268 possessor
3103 3189 3281 3266 predii
3313 3188 3585 3263 cujusdam
3608 3190 3658 3241 in
3684 3206 3814 3262 pago

2543 3283 2802 3339 Tornensi
2842 3294 2894 3337 et
2930 3283 2986 3337 in
3018 3282 3206 3337 vicaria
3238 3282 3539 3343 Asnacensi,
3567 3279 3814 3334 CXXVII.

2466 3376 2769 3440 Donnoms,
2799 3375 3015 3441 fluvius,
3051 3376 3101 3440 1,
3132 3376 3336 3439 11,111,
3369 3375 3466 3435 IX,
3500 3373 3810 3435 X11,XV11,

2544 3470 2689 3533 XIX,
2712 3471 2783 3533 L,
2809 3469 2943 3532 1.1v‚
2964 3469 3229 3532 CXXVII,
3251 3467 3511 3530 CXLVII,
3531 3466 3784 3521 CLXVIII
3797 3505 3810 3525 .

2543 3562 2805 3627 CLXXII,
2841 3562 3127 3628 CLXXIX,
3157 3561 3490 3623 CLXXXIII,
3522 3559 3811 3619 CLXXXV.

2542 3656 2775 3722 CXCIII3
2818 3656 3031 3717 fluvius,
3079 3654 3146 3710 de
3188 3655 3343 3730 Nigro
3393 3654 3612 3727 Gurgite
3649 3670 3812 3726 usque

2541 3751 2608 3806 ad
2637 3750 2914 3805 ecclesiam
2943 3749 3119 3805 Sancti
3160 3748 3409 3803 Martialis
3442 3747 3509 3801 de
3538 3747 3811 3805 Tauriaco,

2541 3844 2817 3899 monachis
2835 3842 3270 3899 Bellilocensibus
3286 3841 3566 3896 attributus
3580 3840 3635 3891 in
3652 3838 3814 3891 domi-

2542 3938 2654 3998 nio,
2687 3955 2811 3992 cum
2830 3936 3067 4012 portibus
3089 3947 3140 3991 et
3158 3934 3405 4012 paxeriis,
3430 3933 3487 3987 L.
3515 3964 3587 3975 —-·-
3603 3932 3811 3986 Douno-

2539 4048 2639 4086 omz
2664 4030 2781 4105 (ω)
2797 4073 2810 4095 ,
2834 4030 3040 4085 riviere.

2463 4125 2681 4180 Donvu.
2705 4164 2720 4187 ‚
2779 4125 2987 4181 Dozvn.
3045 4141 3137 4177 seu
3194 4124 3551 4179 Duncssvmis
3573 4161 3586 4181 ,
3644 4118 3811 4177 Iocus,

2538 4218 2760 4274 CXCVI.
2780 4218 2911 4274 Vide
2938 4215 3251 4271 Dulcevallis.

2465 4314 2824 4375 Dossxsmntm,
2845 4312 3015 4375 testis,
3045 4311 3274 4367 CXXXI.

2463 4406 2798 4467 Dormitum,
2819 4404 3090 4480 presbyter
3116 4404 3414 4463 defunctus,
3442 4400 3702 4456 Dateberti
3725 4398 3812 4452 do·

2540 4499 2735 4554 natoris
2753 4517 3037 4576 germanus
3051 4540 3064 4563 ,
3085 4498 3340 4553 CLXXII.

2460 4595 2696 4655 Dozm..
2742 4593 2956 4649 Donvu.
3004 4610 3098 4646 seu
3139 4592 3524 4649 Dumnvmis,
3574 4597 3778 4662 pratum
3798 4627 3811 4645 ,

2536 4687 2685 4742 CXC.
2708 4685 2839 4741 Vide
2861 4683 3174 4739 Dulcevallis.

2458 4780 2844 4843 Dnocssnssuu,
2865 4778 3012 4833 Iocus
3031 4765 3126 4833 se’n
3156 4775 3300 4840 vilis,
3328 4775 3420 4830 ubi
3442 4773 3618 4849 plures
3645 4773 3813 4827 mansi

2540 4875 2729 4928 Sancto
2760 4874 2913 4928 Petro
2944 4871 3171 4935 dimissi,
3213 4869 3477 4933 LXXXII,
3515 4867 3696 4924 CXIV.
3738 4895 3827 4933 -χ
