4442 5769
928 552 1099 624 132·
1550 612 1555 617 .
1934 545 2749 623 CHARTULARIUM

915 717 1076 826 ipse
1123 734 1380 796 teneat
1420 734 1590 825 post
1634 735 1956 796 mortem
1994 746 2244 796 meam
2284 748 2301 795 z
2344 735 2516 825 post
2569 718 2729 826 ejus
2775 745 2952 796 vero
3001 718 3375 799 dicessum
3424 723 3502 801 S.
3543 723 3764 804 Petro

914 849 1085 928 sint.
1135 849 1214 928 Si
1267 866 1523 926 autem
1578 876 1732 926 non
1775 849 2116 927 habuero
2171 847 2450 939 filium,
2502 848 2910 939 Frodinus,
2954 850 3210 928 senior
3245 879 3492 944 meus,
3532 853 3766 935 donet

915 982 991 1061 S.
1044 983 1263 1059 Petro
1324 980 1631 1086 triginta
1680 978 1965 1058 solidos
2019 996 2098 1057 et
2145 994 2402 1059 teneat
2452 978 2600 1059 hoc
2643 1012 2660 1057 z
2718 980 2928 1089 quod
2981 981 3040 1058 si
3084 979 3326 1063 facere
3396 985 3757 1078 noluerit,

850 1090 855 1095 ¹
912 1112 987 1191 S.
1021 1112 1239 1190 Petro
1281 1112 1377 1189 sit
1402 1109 1621 1189 nullo
1658 1110 2236 1189 contradicente.

2161 1717 2485 1793 LXXIX.

1261 1924 1443 2007 [Lm
1474 1921 1744 1988 Gairardi
1772 1934 1831 1985 et
1859 1924 2053 1986 uxoris
2083 1925 2212 2008 ejus
2239 1923 2487 1987 Emfldi,
2516 1923 2592 1987 de
2620 1924 2853 2009 prandiis
2875 1926 2938 1987 in
2968 1868 3102 1988 vini
3130 1925 3408 2009 camba]

1021 2141 1534 2238 Quamobrem
1575 2140 1826 2249 igitur,
1866 2169 2009 2249 ego
2037 2141 2239 2219 enim
2278 2140 2357 2219 in
2392 2141 2572 2220 Dei¹
2613 2140 2956 2236 nomine,
2999 2141 3451 2222 Guirardus²
3474 2161 3550 2221 et
3572 2171 3758 2222 uxor

907 2300 1077 2352 mea
1099 2271 1414 2351 Emildis
1427 2278 1478 2363 ³,
1516 2273 2118 2379 pertractavimus
2142 2300 2281 2380 pro
2322 2272 2921 2353 animasnostras
2956 2291 3043 2351 ut
3074 2273 3362 2382 aliquid
3399 2274 3494 2352 de
3534 2274 3758 2353 rebus

770 2448 782 2463 ·
910 2404 1180 2483 nostris
1226 2432 1392 2511 quae
1446 2420 1621 2482 sunt
1680 2403 1759 2480 in
1816 2402 2003 2505 urbe
2053 2403 2565 2495 Lemovicino,
2626 2405 2706 2480 in
2766 2432 2956 2513 pago
3009 2404 3356 2483 Brivense
3382 2466 3402 2496 ‚
3457 2405 3533 2481 in
3589 2403 3758 2483 vifla

909 2562 1075 2642 quae
1099 2532 1392 2619 ,dicitur
1427 2531 1748 2620 Cumba,
1793 2532 1890 2609 ad
1930 2532 2006 2611 S.
2040 2533 2236 2611 Petri
2271 2532 2387 2609 vel
2406 2532 2805 2610 Felicitatis
2833 2533 3368 2613 monasterium
3397 2533 3753 2625 Belliloci‚

908 2663 1041 2743 ubi
1100 2691 1368 2770 corpus
1421 2691 1685 2742 eorum
1732 2664 2136 2770 requiescit
2160 2722 2178 2751 ,
2204 2663 2370 2740 ‚ubi
2425 2663 2537 2739 vir
2582 2663 3022 2745 venerabilis
3068 2664 3494 2745 Gan-ulfus*
3533 2664 3757 2743 abbas

909 2824 1077 2872 cum
1117 2794 1499 2874 monachis
1548 2793 1701 2872 suis
1748 2793 2033 2872 ibidem
2071 2794 2236 2872 Deo
2287 2792 2772 2873 militantibus
2810 2812 3053 2873 rector
3088 2822 3399 2902 praeesse
3438 2795 3750 2874 videtur.

906 2927 1307 3036 Propterea
1343 2928 1678 3007 cedimus
1720 2927 1818 3005 ad
1856 2927 2091 3035 ipsam
2131 2955 2374 3005 casam
2408 2927 2588 3021 Dei,
2628 2928 2710 3004 in
2749 2927 3142 3035 stipendiis
3179 2927 3775 3021 monachorum,·

906 3058 1050 3137 hoc
1101 3076 1211 3138 est
1259 3086 1601 3144 mansum
1654 3077 1995 3137 nostrum
2032 3048 2181 3142 ,ubi
2234 3057 2755 3137 Landobertus
2799 3059 3001 3137 visus
3051 3077 3162 3137 est
3196 3086 3532 3149 manere,
3586 3088 3756 3138 cum

905 3187 1277 3279 domibus,
1312 3189 1643 3268 aedificiis
1674 3207 1751 3270 et
1782 3189 2089 3296 reliquis
2116 3188 2638 3296 superpositis,
2674 3218 2845 3267 cum
2874 3189 3123 3282 terris,
3156 3190 3416 3298 pratis,
3437 3191 3749 3298 pascuis,

903 3321 1362 3430 adjacentiis,
1402 3321 1614 3428 aquis
1653 3348 2098 3427 aquarumve
2140 3319 2610 3410 decursibus,
2653 3337 2730 3397 et
2770 3337 3003 3399 terras
3035 3320 3268 3398 cultas
3306 3338 3380 3398 et
3414 3320 3750 3413 incultas,

903 3451 1298 3559 quaesitum
1335 3450 1455 3528 vel
1494 3449 1702 3557 quod
1741 3450 2375 3556 adinquirendum
2416 3467 2558 3540 est,
2604 3451 2854 3542 omnia
2894 3469 2969 3529 et
3008 3481 3096 3528 ex
3134 3450 3482 3529 omnibus
3513 3480 3752 3560 quan-

904 3599 1391 3688 tumcumque
1433 3580 1527 3658 ad
1566 3581 1814 3688 ipsum
1853 3608 2198 3658 mansum
2235 3579 2495 3688 aspicit
2535 3598 2662 3658 aut
2690 3581 3017 3689 aspicere
3042 3581 3370 3676 videtur-3
3401 3599 3643 3661 totum
3678 3601 3754 3662 et

906 3714 1001 3792 ad
1039 3715 1417 3823 integrum
1455 3740 1593 3789 nos
1632 3711 1974 3790 cedimus
2035 3727 2112 3788 et
2161 3710 2499 3789 volumus
2549 3739 2705 3789 esse
2748 3691 3073 3801 cessum,
3118 3740 3205 3789 ea
3241 3740 3415 3789 vero
3464 3712 3748 3790 ratione

906 3844 1088 3922 dum
1126 3872 1263 3923 nos
1301 3843 1706 3921 advivimus
1741 3841 2289 3920 usufructuario
2331 3842 2592 3919 ordine
2642 3858 3057 3931 teneamus,
3116 3870 3262 3919 una
3311 3870 3485 3919 cum
3525 3869 3752 3924 censu

908 3975 1001 4055 de
1039 4004 1206 4054 cera
1244 3974 1467 4053 libras
1518 3974 1705 4052 duas
1753 3972 2161 4065 solvamus,
2213 3991 2384 4080 post
2434 4001 2738 4080 quoque
2799 3990 3139 4053 nostrum
3190 3973 3559 4051 dicessum
3584 4033 3600 4061 ,
3655 3972 3751 4051 ad

901 4106 1235 4214 partibus
1291 4104 1721 4184 monasterii
1775 4105 1935 4182 sine
1989 4103 2138 4182 ulla
2188 4104 2619 4182 marritione
2665 4120 3031 4182 revertere
3080 4102 3461 4182 faciamus.
3533 4103 3627 4181 Et
3673 4105 3750 4181 in

899 4236 1386 4343 postmodum
1443 4236 1504 4313 si
1560 4233 1765 4343 quis,
1815 4262 1952 4312 nos
1988 4233 2154 4342 ipsi,
2204 4234 2595 4312 immutata
2630 4232 3007 4313 voluntate
3043 4250 3323 4323 nostra,
3377 4249 3506 4312 aut
3556 4231 3752 4311 ullus

904 4365 997 4444 de
1038 4365 1443 4446 heredibus
1480 4366 1779 4457 nostris,
1810 4364 1927 4444 vel
1956 4363 2305 4473 quaelibet
2338 4364 2676 4472 opposita
2700 4391 3048 4472 persona,
3082 4393 3246 4472 quae
3272 4380 3529 4442 contra
3563 4363 3753 4440 hanc

905 4497 1314 4574 cessionem
1355 4497 1570 4574 istam
1619 4496 1997 4574 ambulare
2038 4513 2165 4573 aut
2200 4494 2614 4603 inquietare
2661 4495 3213 4601 praesumpserit
3232 4555 3251 4586 ,
3306 4511 3707 4601 componat
3727 4554 3746 4583 ,

901 4627 1237 4735 partibus
1265 4628 1689 4707 monasterii
1727 4628 1886 4707 auri
1926 4625 2193 4706 libram
2239 4640 2461 4705 u'nam
2491 4641 2786 4704 coactus
2819 4622 3170 4715 exsolvat,
3201 4643 3274 4704 et
3315 4624 3525 4733 quod
3562 4624 3753 4733 petit

994 4813 1006 4844 ¹
1056 4814 1275 4876 Chr-isti.
1309 4814 1375 4875 B.
2485 4810 2507 4842 ⁸
2553 4809 2782 4872 Evaldis
2808 4811 2877 4872 B.
2900 4821 2958 4872 et
2985 4808 3099 4872 SG.

986 4917 1007 4947 ²
1057 4916 1337 4979 Gir-aldus.
1364 4916 1431 4978 B.
2489 4910 2510 4943 ⁴
2559 4910 2846 4995 Geir-alsus
2864 4911 3025 4974 deest
3048 4912 3117 4974 B.
