4442 5769
1437 615 2077 692 MONASTERII
2135 616 2270 691 DE
2333 613 2966 689 BELLOLOCO.
3479 620 3618 691 127

769 818 945 867 nem
974 789 1167 866 hanc
1199 784 1428 865 ullam
1462 784 1906 863 calumniam
1936 811 2287 893 generare
2313 783 2663 873 voluerit,
2692 783 2832 862 Dei
2865 785 3398 891 omnipotentis
3439 786 3626 863 iram

771 939 848 999 et
883 920 1223 999 omnium
1261 935 1681 997 sanctorum
1723 917 1882 1026 ejus
1921 918 2266 1008 incurrat,
2309 917 2468 993 haec
2504 943 2680 993 vero
2722 915 2956 993 cessio
2998 915 3422 994 inconvulsa
3458 947 3627 1024 per·

767 1069 1083 1130 maneat.
1137 1052 1435 1128 Factam
1483 1049 1898 1127 cessionem
1946 1048 2139 1129 hanc
2189 1048 2268 1125 in
2323 1072 2577 1126 mense
2631 1045 3049 1133 decembri,
3093 1066 3441 1155 regnante
3492 1050 3627 1126 Lo-

768 1182 1015 1262 therio
1045 1210 1247 1291 rege.
1292 1183 1368 1261 S.
1417 1180 1854 1262 Gauzfredi⁸
1893 1181 2026 1288 qui
2058 1180 2478 1259 cessionem
2516 1179 2710 1257 hanc
2747 1177 2911 1255 fieri
2950 1195 3024 1256 et
3064 1178 3458 1258 adfirmare
3504 1209 3626 1258 ro·-

768 1315 986 1422 gavit.
1023 1316 1102 1395 S.
1143 1313 1560 1395 Gauzleni‘h
1602 1314 1678 1394 S.
1724 1314 2011 1391 Baseni.
2055 1314 2132 1393 S.
2174 1310 2569 1390 Folcherii.
2615 1313 2691 1391 S.
2734 1309 3162 1391 Guozfredi.

2045 1885 2366 1968 Lxxv¹.

1122 2116 1471 2201 [Gerbertus
1502 2129 1561 2179 et
1586 2137 1732 2179 uxor
1759 2118 1887 2202 ejus
1915 2116 2079 2179 Deda
2109 2116 2279 2201 plura
2307 2116 2531 2178 donant
2559 2116 2621 2177 in
2651 2117 2861 2178 vicaria
2891 2116 3275 2200 Argentado.]

885 2365 1375 2444 Sacrosanctae
1419 2361 1740 2441 basilicae
1789 2363 1865 2441 S.
1909 2362 2108 2441 Petri
2148 2362 2650 2443 Bellilocensis
2699 2362 3045 2441 coenobii.
3095 2363 3245 2442 Nos
3295 2364 3497 2440 enim
3553 2364 3625 2439 in
3741 2378 3889 2431 Mart·
3914 2324 4038 2449 «ἢὸ.

773 2495 1046 2573 Christi
1084 2488 1387 2573 nomine
1409 2555 1428 2585 ‚
1472 2492 1885 2574 Gerbertus
1910 2511 1984 2571 et
2020 2520 2206 2572 uxor
2245 2523 2410 2571 mea
2440 2494 2687 2583 Beda,
2720 2492 3348 2572 consideravimus
3378 2522 3626 2572 casum

773 2624 1184 2735 fragilitatis
1232 2623 1458 2733 hujus
1523 2624 1806 2717 saeculi,
1868 2624 2361 2733 ultimamque
2413 2626 2746 2734 corporis
2796 2625 3287 2713 dilationem,
3348 2654 3442 2702 ne
3493 2654 3628 2704 nos
3754 2616 4030 2734 50‚¹},',¹,43‚

776 2757 1190 2865 evangelice
1227 2758 1625 2865 imparatos
1655 2757 1999 2835 inveniat.
2042 2758 2224 2837 Ideo
2260 2756 2731 2835 cedimus-ad
2764 2757 3627 2864 monasteriuanraetax-
3847 2767 3875 2808 Ρ

770 2907 1039 2983 tatum,
1090 2906 1597 2969 consecratum
1647 2889 1725 2967 in
1761 2888 2050 2969 honore
2083 2891 2228 2970 Dei
2270 2890 2836 2998 omnipotentiS‚
2883 2890 3371 2998 ejusdemque
3414 2890 3632 2970 clavi-

772 3023 970 3130 geris
1000 3023 1281 3101 uranici
1306 3022 1536 3113 Petri,
1561 3022 2035 3128 aliorumque
2068 3020 2572 3129 plurimorum
2605 3020 3138 3098 venerabilium
3166 3038 3587 3099 sanctorum
3605 3082 3622 3111 ,

773 3150 906 3228 uhi
946 3151 1081 3230 viri
1116 3151 1574 3230 venerabiles
1606 3151 1970 3231 Geraldus
2006 3168 2082 3229 et
2112 3149 2364 3258 Kalsto
2400 3150 2704 3230 abbates
2728 3179 3039 3258 praeesse
3069 3150 3439 3238 videntur,
3482 3170 3631 3229 ter-

774 3310 933 3361 ram
974 3300 1305 3364 nostram
1345 3312 1509 3391 quae
1551 3299 1661 3359 est
1699 3282 1776 3364 in
1822 3310 2014 3392 pago
2049 3282 2548 3372 Limovicino‚
2592 3283 2670 3359 in
2707 3281 2972 3360 vicaria
3011 3280 3430 3389 Argentado
3451 3288 3502 3368 2,
3547 3283 3626 3358 in

773 3414 939 3494 loco
991 3414 1199 3522 cujus
1245 3413 1687 3493 vocabulum
1738 3430 1850 3492 est
1888 3412 2459 3505 Scorbenerius‚
2508 3431 2582 3491 et
2623 3412 3078 3503 Verniolas³‚
3126 3431 3199 3491 et
3249 3387 3624 3500 Noaliacc')‚

774 3573 1115 3625 mansum
1158 3545 1291 3623 ubi
1328 3546 1768 3626 Dominicus
1815 3563 2097 3638 manet,
2154 3563 2229 3624 et
2285 3545 2513 3624 alium
2558 3544 2696 3624 ubi
2749 3544 3188 3624 Costaivilus
3223 3564 3508 3635 manet,
3558 3562 3632 3622 et

775 3677 1003 3756 alium
1070 3676 1204 3757 ubi
1257 3677 1717 3757 Bonusfilius
1768 3695 2050 3768 manet,
2119 3696 2195 3756 et
2265 3676 2496 3756 alium
2552 3678 2685 3756 uhi
2745 3676 3174 3758 Andraldus
3219 3694 3503 3792 manet,
3555 3694 3634 3756 et

775 3808 1005 3888 alium
1030 3808 1166 3888 ubi
1208 3809 1634 3888 Andraldus
1674 3826 1750 3888 et
1785 3809 2227 3889 Dominicus
2265 3827 2612 3904 manent,
2667 3826 2744 3888 et
2782 3809 3006 3889 alium
3049 3810 3183 3888 ubi
3233 3809 3630 3920 Aigbertus

777 3956 1062 4030 manet,
1099 3955 1178 4018 et
1215 3939 1445 4020 alium
1476 3938 1609 4017 ubi
1639 3938 1827 4047 Aigo
1866 3958 2153 4034 manet,
2200 3957 2276 4018 et
2313 3940 2545 4018 alium
2585 3940 2717 4019 ubi
2758 3939 2999 4050 Aiguo
3029 3942 3304 4020 iterum
3339 3959 3626 4030 manet,

779 4087 855 4148 et
898 4068 1132 4149 alium
1183 4070 1318 4150 ubi
1357 4070 1756 4150 Rainaldus
1795 4072 2071 4150 iterum
2121 4091 2396 4151 manet.
2449 4075 2594 4152 Ista
2634 4101 2811 4153 vero
2852 4073 3100 4154 omnia
3157 4074 3237 4151 in
3284 4074 3412 4151 tali
3452 4100 3631 4151 con-

774 4220 996 4281 ventu
1050 4201 1147 4282 ad
1193 4202 1571 4310 praefatum
1615 4204 1864 4286 locum
1902 4203 2243 4284 cedimus
2288 4222 2408 4295 ut,
2449 4204 2512 4283 si
2563 4234 2700 4314 ego
2744 4204 3150 4285 Gerbertus
3187 4204 3280 4282 ab
3322 4204 3466 4281 hoc
3504 4231 3632 4280 sae-

777 4330 947 4412 culo
987 4334 1427 4426 discessero,
1471 4335 1769 4414 veniant
1803 4333 1956 4419 filii,
1983 4335 2134 4415 mei
2173 4338 2593 4416 Bernardus
2634 4354 2710 4415 et
2755 4335 3139 4443 Rigaldus‚
3191 4352 3264 4412 et
3307 4333 3486 4412 dent
3536 4333 3631 4412 ad

860 4554 881 4584 ³
928 4553 1238 4638 Gmfiaedi
1266 4555 1331 4617 c.
2354 4559 2371 4588 ⁴
2423 4557 2784 4621 Gmknzc.

862 4803 878 4835 ¹
913 4805 1266 4889 Fragmenta
1279 4805 1455 4892 hujus
1466 4806 1949 4896 chartaeinvenies
1968 4809 2127 4895 apud
2361 4809 2383 4838 ²
2427 4807 2841 4894 Aryentademe
2869 4808 2982 4871 SG.

775 4907 978 4970 Justel.
1011 4909 1161 4972 Hist.
1186 4909 1397 4996 yemal.
1446 4910 1684 4975 Tur-eun.
1714 4934 1802 4999 pr.
1837 4934 1896 4997 p.
1930 4913 1985 4975 5.
2020 4913 2125 4976 sed
2362 4913 2381 4945 ³
2436 4914 2630 4975 Vincas
2658 4912 2724 4973 B.

774 5011 920 5074 falso
942 5013 1017 5078 ab
1044 5035 1201 5077 anno
1224 5017 1348 5101 97ίι
1378 5017 1614 5080 notavit.
