4442 5769
928 609 972 679 6
1940 600 2750 676 CHARTULARIUM

926 773 1317 880 iniquitate
1369 770 1745 878 repletum
1811 787 1887 847 et
1942 771 2020 848 in
2077 770 2430 849 omnibus
2482 769 2849 849 voluntati
2898 771 3040 859 Dei
3091 770 3755 862 contradicentem,

923 904 1055 1011 qui
1090 904 1238 981 hoc
1262 918 1533 981 nostrae
1557 900 1934 1011 parvitatis
1963 901 2282 991 donum,
2311 900 2520 1007 quod
2549 919 2954 1008 spontanee
2982 929 3069 979 ac
3099 900 3578 979 devotissime
3596 905 3761 982 Deo
3830 881 3840 891 ⁶

921 1035 1158 1112 offero
1176 1068 1201 1123 ‚·
1238 1034 1622 1111 destruere
1665 1049 1796 1110 aut
1832 1033 1913 1110 in
1938 1061 2117 1111 suos
2141 1032 2260 1109 vel
2296 1030 2621 1109 aliorum
2649 1058 3306 1139 quorumcumque
3326 1060 3507 1111 usus
3524 1052 3765 1112 retor-

919 1193 1151 1272 quere
1171 1228 1190 1260 ‚
1215 1164 1360 1242 nisi
1382 1165 1459 1240 in
1480 1163 1849 1269 stipendia
1880 1163 2421 1241 monachorum
2453 1162 2559 1240 ibi
2587 1162 2750 1241 Deo
2780 1163 2922 1242 sub
2957 1162 3220 1270 regula
3259 1163 3334 1240 S.
3377 1164 3760 1242 Benedicti

906 1294 1361 1402 ‘degentium
1378 1358 1393 1386 ,
1439 1311 1741 1372 conatus
1762 1293 1988 1371 fuerit
2004 1355 2022 1385 ‚
2055 1321 2211 1371 non
2232 1293 2635 1372 inflationis
2656 1312 2786 1372 aut
2804 1292 3401 1401 praesumptionis
3422 1294 3756 1385 audacia,

921 1426 1056 1507 sed
1092 1425 1483 1503 ministerii
1523 1424 1709 1501 mihi
1748 1453 1788 1501 a
1826 1426 1991 1529 Deo
2033 1423 2412 1503 commissi
2454 1426 2924 1513 auctoritate,
2975 1424 3071 1502 *ab
3115 1424 3321 1500 omni
3362 1441 3559 1500 coetu
3584 1423 3765 1502 fide-

921 1555 1110 1632 lium
1151 1572 1578 1632 extraneum
1622 1553 1783 1631 fore
1826 1581 2126 1645 consec,
2187 1568 2262 1630 et
2304 1552 2656 1630 canonica
2691 1553 3162 1630 institutione
3202 1552 3756 1631 anathematiso.

923 1686 1001 1765 Si
1043 1685 1212 1792 quis
1250 1713 1426 1763 vero
1467 1702 1716 1763 contra
1751 1684 1898 1761 hoc
1934 1700 2503 1771 testamentum,
2544 1683 2756 1790 quod
2793 1711 2933 1790 ego
2969 1710 3108 1788 pro
3148 1710 3401 1761 amore
3428 1685 3569 1762 Dei
3602 1712 3763 1763 om-

920 1815 1325 1920 nipotentis
1395 1842 1479 1890 ac
1537 1813 2014 1892 veneratione
2062 1812 2539 1891 beatissimi⁴³
2601 1798 3110 1920 apostolorum
3164 1813 3521 1920 principis
3562 1815 3759 1892 Petri

918 1943 1079 2022 fieri
1117 1944 1424 2035 sancivi,
1469 1962 1595 2021 aut
1632 1945 1850 2051 regiae
1885 1944 2269 2051 potestatis
2310 1943 2661 2049 dignitas,
2705 1961 2835 2020 aut
2863 1943 3375 2051 quorumlibet
3402 1942 3761 2052 regalium

918 2101 1312 2179 procerum
1351 2056 1803 2163 sublimitas,
1866 2074 2015 2151 sive
2057 2075 2282 2152 etiarn
2320 2073 2917 2181 propinquorum
2944 2074 3312 2152 heredum
3344 2093 3471 2177 aut
3496 2076 3763 2181 prohe-

921 2204 1186 2282 redum
1214 2233 1559 2297 meorum
1587 2204 1948 2283 calliditas
1966 2265 1982 2293 ‚
2009 2205 2260 2283 venire
2284 2223 2413 2282 aut
2436 2204 2701 2281 callide
2729 2205 3121 2282 tentaverit
3142 2202 3580 2313 infringere,
3607 2184 3785 2283 doli·

923 2335 1083 2442 ejus
1131 2350 1204 2412 et
1242 2334 1538 2413 fraudes
1574 2335 1874 2441 penitus
1910 2335 2133 2411 irritae
2171 2335 2386 2423 fiant,
2430 2354 2504 2411 et
2550 2334 3083 2441 omnipotentis
3120 2335 3261 2413 Dei
3311 2336 3495 2412 iram
3533 2365 3609 2413 se
3649 2337 3763 2415 in·-

922 2465 1657 2605 currerwertissime
1691 2466 1898 2557 sciat,
1935 2464 2133 2558 etab
2172 2464 2497 2543 Ecclesia
2520 2465 2826 2571 proprio
2858 2465 3133 2543 Christi
3175 2456 3540 2573 sanguine*
3569 2494 3765 2543 mer-

924 2600 1145 2671 cata⁴⁴
1185 2612 1723 2700 sequestratuS,
1778 2612 1854 2670 et
1892 2590 1932 2669 a
1972 2595 2501 2672 communione
2548 2594 3141 2672 Christianorum
3177 2593 3305 2673 fiat
3353 2612 3757 2672 extraneus.

922 2724 1017 2799 Et
1050 2724 1375 2829 insuper,
1417 2741 1501 2800 ut
1529 2722 1810 2828 prius⁴⁵
1846 2723 2288 2830 temporalia
2330 2723 2550 2831 digna
2591 2724 2950 2830 expietur,
2996 2742 3303 2831 cogente
3341 2724 3518 2803 fisco
3539 2786 3559 2814 ‚
3601 2724 3762 2802 auri

923 2852 1148 2964 libras
1179 2870 1476 2930 centum
1508 2869 1582 2930 et
1602 2854 2226 2960 argenti-pondera
2267 2854 2800 2962 quinquaginta
2831 2871 3123 2933 coactus
3154 2854 3501 2945 exsolvat,
3531 2872 3608 2934 et
3636 2882 3763 2932 sua

923 2984 1184 3090 petitio
1239 2984 1534 3061 nullum
1594 2984 1931 3063 obtineat
1989 2986 2381 3076 effectum,
2445 2985 2580 3062 sed
2627 3011 2950 3092 praesens
3003 3001 3566 3076 testamentum,
3625 3014 3761 3092 pro

927 3115 1185 3190 animae
1243 3143 1423 3191 meae
1477 3133 2020 3223 parentumque
2068 3143 2412 3193 meorum
2459 3115 2802 3193 remedio
2847 3115 3308 3205 institutum,
3351 3117 3557 3193 omni
3587 3132 3767 3193 tern-

922 3273 1103 3351 pore
1144 3263 1440 3322 maneat
1464 3246 1973 3324 inconvulsum
2015 3277 2182 3325 cum
2226 3246 2700 3355 stipulatione
2744 3248 3077 3325 subnixa.
3099 3248 3192 3324 Et
3222 3263 3307 3323 ut
3336 3248 3578 3324 verius
3618 3273 3765 3323 cre·

927 3374 1146 3451 datur
1183 3392 1257 3450 et
1297 3375 1725 3483 diligentius
1776 3394 2253 3456 conservetur
2303 3396 2378 3454 et
2429 3377 2521 3453 ab
2563 3376 3231 3456 omnibus‘firmius
3275 3376 3760 3463 custodiatur,

926 3532 1155 3581 manu
1205 3506 1505 3611 propria
1560 3506 2131 3597 subterfirmavi,
2191 3526 2266 3584 et
2305 3508 2679 3587 bonorum
2747 3507 3145 3587 hominum
3202 3509 3757 3596 canonicorum,

923 3636 1070 3710 sive
1106 3632 1445 3710 fidelium
1489 3635 1847 3714 laicorum
1886 3638 2233 3716 manibus
2259 3638 2709 3716 firmandum
2753 3639 3192 3717 contradidi.

1037 3761 1437 3840 Stolidus&
1464 3765 1870 3873 'episcopus
1910 3769 2457 3847 Lemovicensis
2510 3769 2854 3848 Ecclesiae
2901 3768 3350 3875 subscripsit.
3401 3770 3762 3845 Launus⁴⁷

880 3983 885 3988 ψ
926 3892 1317 3996 episcopus
1347 3911 1423 3969 et
1447 3892 1634 3970 abba
1663 3896 1840 3973 huic
1868 3916 2310 3976 testamento
2342 3900 2597 4009 subsc.-
2622 3902 2698 3979 S.
2723 3899 3029 4007 Aygae48.
3074 3909 3123 3974 Ἰ·
3165 3898 3594 3976 Rodulfus⁴⁹
3621 3898 3766 4004 epi·
3811 3977 3854 4024 ·

1012 4133 1056 4164 ⁸³
1100 4134 1542 4197 Beatissimorum
1595 4120 1954 4220 aposto'loram
2009 4143 2163 4204 Petri
2218 4156 2272 4204 et

928 4236 1096 4297 Pauli
1122 4237 1194 4297 D.
1227 4236 1349 4298 Col.
1375 4239 1518 4299 Nov.
1550 4239 1621 4301 G.
1657 4241 1747 4301 ch.

1012 4335 1056 4369 ⁴⁴
1099 4339 1308 4401 Merita
1335 4342 1486 4402 Anu.
1519 4340 1633 4404 SG.

1008 4439 1053 4470 ⁴⁸
1094 4442 1269 4503 Poena
1300 4445 1580 4526 temporali
1622 4443 1816 4530 diqnas
1853 4448 2111 4529 expiatus
2147 4449 2272 4509 Ma·

924 4541 1046 4601 bill.
1082 4543 1289 4606 Melius
1327 4547 1390 4606 in
1429 4554 1540 4607 ms⁰
1578 4548 1643 4610 C.
1678 4561 1741 4610 ut
1771 4549 1927 4632 peius
1958 4551 2274 4632 temporalia

924 4641 1123 4703 damna
1149 4648 1481 4729 experiatur.

1011 4743 1053 4776 ⁴⁸
1099 4746 1197 4808 Sic
1226 4747 1379 4808 Ann.
1406 4749 1518 4811 SG.
1552 4763 1609 4811 et
1627 4752 1695 4813 B.
1719 4764 1779 4812 et
1797 4753 2038 4815 inferius
2063 4767 2273 4816 cuncta

926 4869 1063 4908 mss.
1087 4847 1176 4908 ch.
1200 4849 1627 4914 xv111.Stodilm
1652 4854 1869 4917 mabill.
1882 4858 2023 4918 Tres
2043 4869 2274 4920 tantum

929 4949 1378 5035 subscriptiones
1422 4955 1485 5014 in
1516 4957 1848 5041 apographo
1881 4960 1953 5020 D.
1966 4959 2072 5022 Col
2101 4972 2160 5021 et
2210 4963 2273 5021 in

2425 4145 2558 4208 Nou.
2591 4144 2741 4207 Gall.
2775 4145 2890 4207 chr.
2931 4154 3185 4206 exstant:
3214 4142 3279 4207 S.
3310 4142 3549 4224 Raudust
3565 4142 3765 4205 amitie-

2417 4249 2647 4330 piscopi,
2700 4247 2757 4309 S.
2815 4245 3100 4329 Gotasmdi
3153 4247 3355 4308 comitis
3396 4246 3602 4329 fiutris
3651 4247 3761 4314 sai,

2418 4349 2478 4411 S.
2510 4348 2708 4411 Stodili
2734 4370 2817 4432 op.
2849 4350 3066 4410 Lemov.

2499 4449 2550 4536 3⁷
2593 4450 2779 4512 Larius
2795 4450 2936 4512 false
2955 4452 3003 4513 B
3020 4476 3035 4521 ς
3053 4450 3217 4513 deest
3232 4451 3292 4513 S.
3305 4449 3377 4514 G.
3401 4451 3638 4512 Latmus
3657 4450 3765 4510 iste

2421 4553 2816 4614 pictavensem
2843 4553 3163 4615 Ecclesiam
3184 4553 3544 4614 ministravit.

2508 4652 2552 4685 ⁸⁸
2596 4654 2691 4717 Sic
2718 4657 2783 4715 in
2817 4662 2931 4715 ms⁰
2955 4654 3019 4716 C.
3055 4667 3331 4739 corrupte
3356 4656 3421 4716 in
3450 4675 3588 4717 mss.
3614 4653 3682 4715 B.
3710 4662 3768 4714 et

2422 4756 2536 4819 SG.
2587 4756 2804 4840 legitur
2833 4779 2847 4815 t
2875 4755 3040 4840 Sayei
3078 4778 3181 4819 seu
3214 4757 3381 4842 Saye-i
3410 4780 3427 4816 .·
3468 4753 3626 4840 apud
3659 4775 3767 4818 οω-

2423 4871 2545 4921 tera
2574 4858 2765 4920 littera
2793 4858 2840 4921 S
2863 4870 3090 4920 tantum
3121 4861 3432 4921 invenitur.

2507 4960 2555 4992 ⁴⁰
2599 4959 2917 5045 liudulphus
2948 4962 3015 5023 B.
3040 4974 3100 5023 et
3122 4960 3234 5024 SG.
