4442 5769
1342 661 1970 735 MONAsTERn
2034 661 2164 732 DE
2230 656 2861 759 sELLoLoco.
3377 658 3513 727 189

1915 1071 2302 1146 CXXXVI.

780 1284 963 1343 Breve
985 1279 1323 1343 memoriale
1348 1277 1506 1363 quod
1537 1278 1753 1339 factum
1782 1287 1868 1337 est
1895 1276 2047 1337 inter
2076 1273 2392 1336 monachos
2419 1274 2477 1337 S.
2505 1273 2658 1335 Petri
2690 1273 3080 1335 Bellilocensis
3107 1276 3437 1334 monasterii

1671 1391 1727 1439 et
1750 1377 2099 1440 Rainaldum
2128 1376 2202 1437 de
2233 1378 2536 1446 Mainzaco.

811 1622 965 1727 Ego
1003 1617 1403 1695 Rainaldus
1446 1615 1632 1692 illud
1689 1615 1995 1693 alodum
2049 1614 2257 1720 quod
2304 1612 2719 1722 Stephanus
2769 1611 3107 1689 sacerdos
3150 1614 3242 1687 de
3288 1614 3524 1690 Main-

702 1776 869 1826 zaco
904 1748 1115 1825 dedit
1147 1749 1308 1826 Deo
1340 1763 1420 1823 ct
1447 1746 1523 1824 S.
1557 1747 1777 1823 Petro
1811 1772 1948 1850 pro
1978 1743 2239 1821 animae
2264 1772 2412 1820 suae
2442 1743 2987 1848 redemptione,
3030 1759 3106 1818 et
3139 1770 3274 1849 ego
3304 1767 3525 1846 prop-

702 1897 818 1956 ter
855 1906 1095 1954 meam
1138 1875 1527 1954 stultitiam
1569 1893 1645 1952 et
1680 1875 2173 1980 insipientiam
2212 1872 2352 1949 tuli
2395 1890 2468 1949 et
2506 1872 2933 1950 contrariavi
2972 1870 3328 1948 altissimo
3367 1872 3522 1977 regi

705 2012 1012 2118 ejusque
1041 2008 1539 2115 apostolorum
1569 2007 1918 2114 principi,
1949 2005 2051 2082 ibi
2078 2004 2375 2082 absolvo
2403 2021 2476 2080 et
2504 2004 2847 2110 relinquo
2876 2004 3037 2081 Deo
3060 2020 3135 2080 et
3162 2004 3238 2079 S.
3263 2002 3487 2080 Petro
3504 2065 3520 2092 ,

705 2159 788 2218 ut
823 2140 1090 2217 faciant
1133 2137 1584 2216 habitatores
1622 2137 1833 2214 istius
1871 2134 2015 2213 loci
2058 2163 2544 2241 quaecumque
2587 2133 2824 2210 facere
2874 2134 3270 2224 voluerint,
3318 2134 3526 2212 nullo

704 2270 1281 2348 contradicente.
1334 2266 1763 2372 Compiacet
1809 2293 1983 2341 vero
2044 2263 2428 2342 monachis
2480 2264 2690 2341 istius
2738 2264 2882 2341 loci
2933 2283 3018 2341 ut
3069 2264 3191 2340 hic
3234 2263 3526 2342 honorl

707 2397 1275 2476 commendetur
1303 2395 1492 2471 mihi
1527 2395 1609 2470 in
1643 2393 2149 2472 obedientiam
2170 2399 2232 2484 ²3
2265 2410 2338 2470 et
2369 2421 2507 2499 ego
2548 2421 2709 2469 eam
2735 2393 3044 2498 recipio,
3079 2394 3158 2468 in
3193 2393 3320 2469 tali
3355 2423 3528 2470 con-

707 2527 1076 2606 venientia
1112 2543 1198 2602 ut
1232 2542 1528 2603 teneam
1568 2523 1903 2629 quandiu
1940 2523 2221 2610 vixero,
2264 2524 2323 2599 si
2365 2523 2442 2598 in
2480 2536 2767 2598 tantum
2808 2520 3028 2611 mihi,
3068 2522 3165 2598 ob
3202 2551 3529 2631 amorem

709 2659 882 2746 Dei,
932 2656 1266 2734 voluntas
1310 2652 1780 2760 relinquendi
1831 2681 1981 2731 non
2032 2652 2380 2730 evenerit.
2430 2653 2690 2730 Honor
2730 2667 2979 2729 autem
3030 2651 3167 2730 iste
3210 2653 3331 2729 hic
3370 2671 3529 2730 est:

711 2814 755 2865 v
798 2785 1209 2863 denariatas
1237 2783 1332 2860 de
1368 2782 1575 2860 vinea
1604 2811 1770 2890 quae
1802 2799 2152 2860 vocantur
2179 2780 2458 2889 Campo
2497 2781 2840 2870 Rainoni,
2875 2797 2952 2858 et
2980 2809 3130 2858 una
3165 2784 3536 2860 denariata

710 2944 873 3022 quae
918 2927 1215 2992 voca'tur
1258 2912 1374 2991 Ad
1410 2911 1782 3002 Auzerall,
1834 2929 1909 2989 et
1951 2911 2353 2990 duodecim
2401 2911 2807 2988 denariatas
2847 2911 2942 2988 de
2987 2913 3196 2989 vinea
3234 2915 3364 3020 qui
3408 2943 3535 2989 vo-

713 3061 922 3123 catur
947 3044 1129 3122 Rivo
1164 3041 1412 3134 Caolf;
1453 3042 1658 3119 omni
1696 3068 1872 3118 vero
1908 3069 2099 3118 anno
2121 3101 2137 3130 ,
2181 3039 2304 3116 ifle
2344 3040 2474 3145 qui
2515 3041 2592 3115 in
2633 3041 2982 3117 domibus
3007 3047 3033 3088 ³
3073 3043 3384 3131 steterit,
3421 3044 3536 3119 vel

716 3203 886 3281 apes
932 3192 1008 3251 et
1054 3190 1257 3252 ortos
1304 3171 1775 3259 custodierit,
1820 3198 1920 3248 xn
1975 3170 2316 3247 denarios
2366 3187 2491 3245 aut
2526 3196 2624 3246 xn
2665 3171 3070 3249 denariatas
3115 3174 3208 3248 de
3257 3201 3422 3249 cera
3461 3175 3536 3248 in

717 3332 939 3381 censu
987 3306 1067 3381 B.
1118 3304 1334 3380 Petro
1383 3299 1748 3406 persolvat
1785 3301 1860 3376 in
1898 3298 2362 3377 communia*
2402 3301 2959 3378 monachorum.
3008 3303 3181 3379 Post
3219 3321 3538 3382 mortem

717 3455 890 3512 ve'ro
932 3460 1171 3509 meam
1212 3431 1433 3507 beato
1479 3430 1699 3507 Petro
1749 3429 1828 3505 in
1876 3429 2263 3535 stipendiis
2304 3446 2379 3505 et
2414 3427 2672 3506 usibus
2717 3430 3250 3509 monachorum
3303 3461 3541 3510 rema-

680 3581 917 3650 .neat,
967 3578 1042 3638 et
1079 3558 1530 3637 habitatores
1571 3559 1779 3636 istius
1816 3558 1960 3635 loci
1994 3559 2072 3635 in
2101 3586 2241 3636 suo
2279 3558 2610 3673 dominio
2647 3578 2970 3656 teneant,
3008 3561 3215 3639 nullo
3257 3558 3543 3640 contr'a-

718 3691 1035 3768 dicente.
1078 3689 1392 3795 Semper
1427 3717 1601 3766 vero
1651 3689 1747 3765 ad
1784 3715 2105 3795 praesens
2150 3688 2352 3766 dono
2401 3689 2562 3766 Deo
2614 3674 2702 3764 ef
2730 3690 2810 3766 B.
2855 3690 3072 3767 Petro
3127 3721 3261 3797 pro
3303 3695 3544 3770 anima

718 3850 881 3900 mea
920 3836 1240 3927 quatuor
1271 3820 1678 3896 denariatas
1717 3819 1811 3896 de
1852 3820 2063 3896 vinea
2106 3847 2270 3925 quae
2305 3835 2606 3896 vocatur
2633 3817 3119 3909 Cantamilan,
3163 3851 3387 3928 quam
3422 3824 3544 3900 de-

723 3950 831 4028 dit
857 3950 1043 4027 mihi
1073 3948 1536 4055 supradictus
1567 3949 1988 4056 Stephanus
2017 3948 2391 4037 sacerdos,
2430 3965 2517 4025 ut
2545 3949 2893 4037 habeant,
2923 3968 3220 4028 teneant
3250 3953 3545 4030 faciant-

721 4107 867 4184 que
905 4079 1113 4185 quod
1150 4079 1540 4157 voluerint.
1594 4079 1833 4156 Aliam
1882 4107 2056 4156 vero
2096 4096 2367 4155 terram
2418 4107 2642 4184 quam
2693 4080 2847 4187 ipse
2899 4082 3319 4188 Stephanus
3361 4084 3545 4159 mihi

721 4208 1006 4298 laxavit,
1042 4208 1381 4287 similiter
1408 4211 1568 4288 Deo
1601 4228 1672 4287 et
1699 4212 1779 4287 B.
1813 4210 2031 4286 Petro
2062 4207 2357 4285 dimitto
2391 4226 2465 4285 et
2500 4209 2699 4288 dono
2728 4228 2895 4317 post
2924 4230 3240 4288 mortem
3268 4240 3544 4299 meam,

725 4352 810 4413 ut
846 4335 1112 4413 faciant
1146 4366 1632 4444 quaecumque
1684 4338 2082 4428 voluerint,
2125 4337 2330 4416 nullo
2367 4340 2940 4416 contradicente.
2983 4338 3146 4415 Filii
3184 4368 3359 4418 vero
3398 4343 3546 4418 mei

724 4493 914 4573 quos
950 4466 1157 4544 Deus
1191 4467 1376 4545 mihi
1416 4469 1626 4545 dedit
1653 4468 1768 4545 vel
1816 4469 2227 4560 donaverit,
2270 4470 2328 4545 si
2360 4470 2699 4547 monachi
2737 4470 2818 4545 B.
2859 4469 3054 4546 Petri
3094 4469 3260 4548 illos
3298 4474 3550 4579 requi-

725 4596 1013 4690 sierint,
1041 4595 1342 4675 firment
1369 4598 1514 4675 hoc
1539 4597 1825 4678 donum
1856 4598 1971 4677 vel
1998 4599 2500 4705 gurpitionem
2528 4603 2703 4706 per-'²
2729 4596 2958 4675 fidem
2990 4616 3062 4676 et
3087 4629 3223 4706 per
3252 4601 3551 4680 obsides

814 4839 817 4842 ·
874 4809 1042 4870 Hanc
1070 4808 1320 4870 honorem
1348 4808 1764 4871 commendemus
1793 4810 1904 4872 SG.
2298 4808 2320 4840 ⁸
2367 4811 2659 4871 Commune
2685 4809 2797 4873 SG.

811 4907 831 4937 ²
879 4909 1061 4982 Quam
1083 4932 1183 4995 eqo
1210 4911 1409 4994 recipio
1439 4911 1551 4973 SG.
2302 4911 2320 4941 ⁸
2364 4913 2477 4973 Per·
2492 4910 2680 4993 fidelos
2704 4912 2907 4974 obsides
2933 4914 3044 4977 SG.

813 5011 834 5041 ⁸
875 5010 943 5073 In
964 5011 1208 5074 domibus
1226 5012 1442 5074 desunt
1468 5012 1535 5074 B.

3686 1624 3808 1674 Saec.
3834 1638 3884 1673 x1

3581 1733 3672 1766 seu
3712 1715 3985 1768 recentior.
