4442 5769
957 584 1049 653 76
1296 530 1302 539 ’
1897 543 1901 547 '
1974 576 2781 650 CHARTULARIUM
2855 620 2860 626 -
3433 598 3508 643 ‹-

951 747 1352 836 Geraldus‚
1387 745 1492 824 ibi
1521 745 1800 823 habere
1831 745 2302 836 videbantur,
2336 743 2673 822 absolute
2710 743 3211 821 concedimus.
3242 744 3496 839 Quare
3528 745 3777 854 igitur,

952 909 1046 957 ne
1075 904 1339 957 eorum
1378 877 1933 956 successoribus
1963 876 2325 953 dissentio
2353 876 2700 965 oriretur,
2725 890 3050 983 quatuor
3067 874 3219 951 vini
3252 878 3598 954 sextarios
3629 879 3707 954 in
3741 885 3792 926 ¹²

952 1012 1284 1117 Augusto
1319 1026 1394 1087 et
1417 1024 1740 1114 quatuor
1778 1006 2127 1085 denarios
2163 1004 2476 1112 singulis
2513 1004 3037 1084 mutuavimus.
3068 1005 3637 1085 Obsecramus¹³
3665 1007 3794 1117 igi-

951 1158 1076 1216 tur
1115 1166 1198 1214 ac
1234 1138 1696 1216 obtestamur
1733 1164 1997 1214 omnes
2034 1163 2496 1213 successores
2539 1153 2857 1224 nostros,
2901 1151 2987 1212 ut
3019 1136 3276 1213 hanon*
3318 1154 3585 1216 nostrae
3620 1167 3794 1216 auc-

949 1268 1269 1347 toritatis
1311 1266 1917 1374 ordinatione[m]
1949 1282 2178 1343 ratam
2205 1272 2260 1314 ¹⁵
2314 1283 2389 1344 et
2425 1265 2934 1345 inconvulsam
2974 1293 3276 1345 manere
3317 1269 3788 1373 permittan13

956 1418 1061 1489 et,
1096 1418 1181 1477 ut
1207 1399 1623 1507 pleniorem
1663 1397 1999 1477 obtineat
2019 1401 2071 1445 ¹⁶
2105 1396 2533 1475 firmitatem
2552 1457 2570 1487 ,
2616 1424 2844 1474 manu
2881 1407 3132 1475 nostra
3160 1400 3459 1505 propria
3504 1400 3795 1478 subter-

952 1530 1431 1607 firmavimus.
1466 1528 1929 1635 Subscriptio
1969 1528 2306 1617 Geraldi,
2332 1527 2807 1608 Caturcensis
2833 1527 3093 1633 episc.,
3138 1555 3332 1606 anno
3370 1528 3464 1605 ab
3504 1531 3792 1637 origine

952 1661 1219 1737 mundi
1283 1658 1382 1738 'v'i'0
1438 1660 1997 1748 trecentesimo,
2067 1686 2265 1737 anno
2320 1659 2413 1736 ab
2461 1657 2977 1736 Incarnatione
3026 1658 3332 1735 Domini
3396 1659 3793 1737 millesimo

954 1791 1390 1877 centesimo,
1434 1788 1846 1881 indictione
1887 1815 2049 1877 vm,
2093 1804 2449 1909 regnante
2489 1788 2871 1894 Philippo,
2905 1816 3081 1895 rege
3112 1790 3584 1869 Francorum.

2308 2460 2452 2532 XL.

1719 2687 1899 2769 [Laxa
1928 2687 2167 2750 Imberti
2190 2688 2267 2750 de
2298 2688 2570 2751 Gardella
2600 2692 2662 2751 in
2688 2690 3035 2771 Bonavissa.]

646 2981 741 3034 An.
1076 2962 1449 3039 Imbertus
1482 2960 1579 3038 de
1607 2959 1955 3040 Gardella
1995 2962 2158 3042 Deo
2197 2979 2274 3040 et
2311 2963 2389 3041 S.
2429 2963 2649 3039 Petro
2688 2961 3059 3052 Belliloci,
3103 2963 3234 3041 ubi
3267 2963 3619 3041 dominus
3655 2965 3802 3044 Ge·
3901 3061 3908 3068 ο

502 3073 693 3110 '¹⁰⁰‘
716 3077 731 3107 ¹
753 3056 903 3109 '⁰⁸¹'
961 3093 1217 3170 raldus
1252 3091 1479 3170 abbas
1508 3119 1817 3198 praeesse
1855 3092 2178 3181 videtur,
2220 3094 2300 3169 in
2335 3091 2504 3171 loco
2544 3094 2675 3200 qui
2717 3110 3016 3174 vocatur
3053 3093 3463 3185 Bonavilla,
3504 3093 3802 3172 delicto·

480 3261 666 3317 apso.
690 3259 826 3315 sep.
853 3259 921 3303 ss.
959 3253 1126 3303 rum
1161 3251 1474 3302 suorum
1507 3224 1899 3302 commissa
1925 3223 2492 3330 pertimescens,
2528 3249 2867 3302 mansum
2901 3225 3031 3331 qui
3066 3242 3368 3302 vocatur
3394 3224 3804 3302 Allmonlar

590 3335 794 3392 C·1=·⁸⁶·
966 3356 1178 3463 [forte
1207 3386 1228 3427 .·
1269 3353 1690 3460 Almontar]
1713 3415 1730 3443 ‚
1771 3371 2013 3431 totum
2058 3370 2135 3431 et
2174 3355 2269 3430 ad
2300 3356 2707 3462 integrum,
2750 3383 2889 3462 pro
2945 3355 3462 3462 redemptione
3504 3354 3798 3443 animae,

960 3485 1280 3574 dimisit3
1342 3501 1416 3561 et
1460 3485 1538 3559 in
1598 3482 1742 3561 alio
1784 3482 1985 3571 loco,
2028 3484 2346 3562 boscum
2394 3486 2526 3592 qui
2573 3488 3005 3564 nominatur
3052 3486 3418 3577 Taillada‚
3461 3485 3805 3564 similiter

965 3613 1269 3692 dimisit.
1329 3615 1404 3690 S.
1456 3614 1653 3691 Petri
1711 3611 2094 3706 Gardella,
2142 3614 2481 3693 avunculi
2521 3616 2665 3693 sui.
2725 3617 2801 3696 S.
2859 3615 3100 3695 fratris
3143 3618 3259 3698 sui
3313 3616 3667 3697 Vassaldi.
3724 3616 3798 3694 S.

966 3744 1243 3850 Ugonis
1281 3741 1683 3820 Castrinovi
1706 3805 1722 3832 ‚
1766 3744 1896 3851 qui
1932 3744 2260 3822 eundem
2295 3743 2547 3824 locum
2583 3746 2987 3824 aedificavit.

1056 4038 1094 4068 ¹²
1138 4039 1206 4101 In
1235 4038 1481 4124 Anqusto
1509 4037 1738 4101 desunt.
1764 4039 1832 4101 B.
2551 4041 2591 4071 ¹⁵
2635 4041 2836 4103 Ratam
2891 4054 2943 4103 et
3008 4043 3369 4104 inconvulsam
3431 4065 3642 4104 manere
3708 4040 3806 4103 de-

1055 4143 1095 4172 ¹³
1143 4141 1533 4206 Obsecmmar.
1561 4188 1575 4202 .
1607 4190 1617 4204 .
1666 4153 1868 4204 nostr-os
1897 4152 1957 4203 ut
1983 4141 2195 4204 desunt
2241 4143 2307 4204 B.
2460 4155 2598 4206 sunt
2637 4144 2703 4207 B.

1055 4241 1093 4275 ¹·
1138 4245 1205 4306 In
1234 4245 1364 4307 hac.
1393 4292 1405 4304 .
1436 4292 1448 4305 .
1489 4243 1818 4307 ordinatione
1843 4245 1906 4306 Β.
1940 4257 1999 4307 et
2020 4243 2085 4306 C.
2543 4246 2582 4277 ¹⁶
2631 4246 2924 4310 obtineant
2947 4245 3090 4310 falso
3111 4246 3223 4311 SG.

1060 4610 1072 4639 ¹
1121 4611 1233 4671 Per
1279 4609 1538 4672 chartam
1582 4631 1750 4672 xxxix
1798 4610 2038 4672 ecclesia
2082 4611 2157 4673 de
2204 4610 2317 4672 Bo·
2467 4624 2595 4673 tum
2629 4612 2806 4696 paulo
2840 4625 2999 4698 post,
3035 4626 3095 4676 et
3132 4634 3272 4675 sane
3300 4612 3494 4676 adhuc
3533 4623 3813 4696 regnante

974 4711 1182 4774 navifla
1217 4710 1694 4775 Bellilocensibus
1730 4715 1855 4799 jam
1902 4734 2059 4775 anno
2099 4711 2314 4775 Christi
2466 4713 2736 4800 Philippo
2765 4737 2929 4801 rege,
2961 4717 3132 4779 sicuti
3157 4716 3250 4778 ch.
3275 4737 3374 4780 xm
3411 4728 3469 4779 et
3481 4735 3572 4786 cv,
3594 4714 3812 4777 factum

983 4837 1003 4875 1
1025 4835 1141 4878 ιοο
1170 4813 1377 4876 collata
1412 4813 1619 4877 fuerat.
1659 4816 1916 4878 Praesens
1953 4816 2313 4878 insti-umen·
2465 4829 2567 4879 est.
