4442 5769
939 561 1086 629 262
1736 562 1751 572 '
1951 553 2756 628 CHARTULARIUM

939 728 1322 804 immutata
1363 725 1733 803 voluntate
1778 752 1976 810 mea,
2016 741 2145 801 aut
2178 722 2373 802 ullus
2411 752 2496 800 ex
2533 720 2939 802 heredibus
2980 722 3201 808 meis,
3250 722 3402 801 sive
3426 720 3588 798 ‘ulia
3627 723 3768 798 im-

938 857 1157 932 missa
1203 883 1510 961 persona
1550 883 1713 961 quae
1753 871 2007 930 contra
2057 853 2246 930 hanc
2295 854 2704 931 cessionem
2746 851 3273 932 contumeliose
3326 851 3432 928 ine
3483 867 3608 928 aut
3655 880 3769 930 ea-

937 986 1296 1070 lumniam
1337 973 1687 1093 generare
1716 982 2060 1073 voluerit,
2097 985 2438 1089 inprimis
2465 984 2654 1060 iram
2677 983 2816 1061 Dei
2850 981 3379 1088 omnipotentis
3408 998 3480 1058 et
3502 982 3611 1060 S.⁶
3635 982 3772 1058 Pe-

938 1119 1033 1195 tri
1082 1118 1566 1222 omniumque
1621 1132 2036 1192 sanctorum
2089 1114 2228 1192 Dei
2281 1115 2634 1203 incurrat,
2679 1131 2753 1190 et
2802 1141 2973 1189 cum
3012 1111 3242 1189 Belial
3295 1129 3369 1188 et
3415 1111 3649 1189 Datan
3699 1130 3772 1187 et

942 1248 1220 1324 Abiron
1261 1249 1336 1322 in
1382 1245 1670 1323 inferno
1708 1244 2180 1351 demergatur
2216 1243 2611 1351 profundo.
2657 1244 2733 1320 S.
2773 1240 3071 1318 Aermdi
3110 1242 3241 1348 qui
3279 1239 3467 1318 hanc
3508 1242 3772 1317 cessio-

942 1406 1111 1454 nem
1158 1376 1349 1453 secit.
1397 1376 1472 1454 S.
1518 1374 1896 1455 Andraldi.
1948 1374 2022 1454 S.
2066 1373 2432 1453 Gerberti.
2477 1374 2553 1452 S.
2598 1373 2974 1456 Bernardi.

1239 1706 1472 1713 ->..-——-—-.-—
1513 1710 1522 1712 -
1544 1704 1551 1708 ·
1599 1707 1732 1713 0—.-—-.
1745 1707 1838 1712 ——-
1899 1706 2024 1711 4---
2073 1706 2130 1711 -ν-
2167 1706 2247 1710 —-
2526 1705 2565 1708 —-
2618 1704 2707 1709 ----
2720 1705 2727 1709 .
2750 1704 2933 1709 --—-—--...
2946 1704 3017 1709 .—--
3038 1704 3043 1707 .
3098 1705 3107 1706 Π
3126 1703 3149 1707 .-
3166 1703 3227 1707 -.ῥ-
3242 1704 3249 1707 .
3264 1703 3299 1707 —
3312 1703 3349 1706 —-
3372 1701 3547 1706 -—-.-—

2090 1952 2628 2025 CLXXXVIII.

1316 2209 1329 2218 ·
1421 2169 1598 2248 [Lm
1627 2167 1703 2228 de
1730 2165 1967 2228 eeclesia
1995 2167 2056 2226 in
2083 2163 2220 2226 villa
2247 2162 2644 2262 Leobagildis.
2680 2183 2906 2223 necnon
2935 2162 3009 2224 de
3040 2160 3297 2243 Agellum]

582 2442 703 2490 ὅτε.
733 2456 783 2491 ³¹
1062 2427 1541 2503 Sacrosancto
1593 2424 1811 2499 Petro
1866 2419 2196 2497 Belliloci
2262 2419 2559 2495 dimitto
2620 2416 3008 2495 ecclesiam
3066 2444 3312 2496 meam
3355 2416 3450 2492 de
3491 2415 3782 2492 Leoba-

539 2531 627 2565 ’ω
646 2524 838 2628 pstea
948 2554 1212 2663 gildis,
1259 2581 1431 2630 cum
1472 2552 1629 2657 ipsa
1675 2550 1845 2628 villa
1887 2567 1962 2626 et
2000 2578 2176 2627 cum
2217 2549 2396 2654 ipsis
2437 2547 2706 2644 boscis.
2748 2545 3108 2640 Similiter
3141 2573 3483 2624 mansum
3527 2573 3778 2623 meum

562 2700 619 2784 3³-
642 2714 684 2754 12-
710 2703 807 2740 228·
951 2686 1045 2760 de
1086 2681 1344 2761 Bellno
1372 2691 1391 2730 ¹
1436 2712 1610 2759 cum
1649 2682 1810 2787 ipso
1849 2681 2113 2768 hosce,
2156 2679 2231 2758 S.
2274 2679 2495 2758 Petro
2532 2676 2858 2757 Belliloci
2903 2677 3224 2755 dimitto.
3267 2676 3627 2755 Similiter
3666 2676 3781 2753 di·-

549 2773 822 2903 {iffi
950 2815 1167 2894 mitto
1208 2814 1286 2894 S.
1323 2817 1543 2892 Petro
1583 2812 1773 2892 duos
1812 2831 2113 2891 mansos
2146 2812 2224 2888 in
2264 2810 2439 2917 poio
2478 2807 2779 2888 Bonifaz
2801 2816 2850 2883 ².
2897 2810 2977 2887 In
3020 2809 3437 2900 Miseriaco,
3484 2807 3784 2887 dimitto

949 2950 1023 3027 S.
1060 2947 1280 3024 Petro
1322 2973 1663 3023 mansum
1708 2972 1989 3025 meum.
2032 2942 2349 3043 Dimitto
2388 2941 2916 3048 Malabauguil.
2958 2940 3271 3019 Dimitte
3313 2941 3389 3019 S.
3430 2939 3648 3017 Petro
3687 2940 3786 3015 si-

951 3079 1229 3156 militer
1267 3079 1345 3154 in
1374 3078 1603 3158 Crosa
1616 3078 1845 3164 ⁴Petra
1880 3103 2116 3152 unum
2157 3101 2525 3151 mansum.
2555 3072 2827 3149 Vineas
2858 3100 3060 3149 meas
3094 3071 3190 3148 de
3215 3071 3522 3149 Vernias
3549 3070 3623 3149 S.
3657 3070 3785 3148 Pe-

948 3227 1065 3286 tro
1109 3209 1425 3289 dimitto.
1451 3210 1535 3285 In
1570 3206 2032 3292 Vulturiaco,
2073 3231 2313 3283 unum
2349 3231 2691 3281 mansum
2726 3202 2800 3280 S.
2842 3203 3057 3280 Petro
3094 3201 3415 3278 dimitto.
3439 3202 3784 3281 Fraustos

948 3367 1157 3417 meos
1190 3338 1284 3415 de
1302 3340 1536 3415 Fonte
1566 3337 1938 3415 Asinaria-‘⁸
1970 3336 2044 3413 S.
2082 3337 2304 3415 Petro
2334 3332 2655 3410 dimitto.
2689 3333 2770 3408 In
2804 3331 3087 3440 Artigas
3099 3339 3151 3421 ⁴,
3178 3330 3518 3411 similiter
3546 3358 3782 3408 unum

951 3498 1317 3546 mansum.
1358 3472 1438 3545 In
1475 3467 1641 3545 villa
1679 3496 1842 3573 quae
1884 3466 2155 3545 dicitur
2186 3467 2398 3554 Pera,
2441 3465 2773 3571 quinque
2816 3490 3114 3543 mansos
3152 3490 3381 3541 meos.
3426 3460 3787 3541 Similiter

950 3598 1120 3674 villa
1168 3600 1573 3694 Lunianas⁵
1614 3600 1687 3676 S.
1728 3598 1947 3677 Petro
1997 3597 2319 3674 dimitto.
2373 3595 2726 3673 Similiter
2776 3595 3077 3673 dimitto
3127 3595 3336 3673 uxori
3392 3622 3606 3680 meae,
3653 3622 3790 3670 no-

951 3730 1155 3805 mine
1205 3730 1476 3817 Jarsin,
1526 3719 1907 3807 ecclesiam
1958 3752 2194 3804 meam
2253 3726 2347 3805 de
2389 3727 2656 3834 Agolas
2704 3755 2879 3803 cum
2926 3727 3083 3831 ipsa
3120 3723 3322 3811 villa,
3370 3741 3444 3801 et
3488 3725 3565 3801 in
3603 3723 3789 3803 Cor-

952 3862 1166 3967 cugio
1186 3869 1236 3954 ⁶,
1282 3862 1474 3941 duos
1513 3889 1806 3939 mansos
1840 3888 2014 3937 cum
2054 3858 2263 3937 omni
2304 3858 2752 3964 integritate3
2798 3873 2871 3932 et
2908 3856 3084 3963 poio
3121 3855 3571 3935 Marcherio⁷
3613 3882 3785 3930 cum

951 3993 1126 4097 ipsis
1150 3991 1415 4079 vineis,
1442 4008 1555 4081 ut,
1582 3992 1919 4097 quandiu
1949 3992 2105 4095 ipsa
2134 3982 2423 4078 vixerit,
2456 4004 2736 4077 teneat,
2768 4005 2936 4094 post
2965 4016 3184 4067 suum
3218 3986 3508 4065 obitum
3541 3983 3787 4091 [vero]

953 4123 1025 4199 S.
1068 4123 1286 4199 Petro
1324 4120 1655 4199 Belliloci
1695 4120 2038 4199 similiter
2076 4138 2471 4197 remaneat.

1035 4392 1053 4417 ⁶
1098 4391 1176 4451 Et
1202 4390 1259 4451 S.
1284 4391 1515 4451 Patr-12...
1548 4391 1649 4450 Dei
1672 4390 1888 4451 desunt
1914 4393 1981 4453 B.
2999 4405 3036 4421 ’Χ

1042 4625 1050 4651 ¹
1102 4622 1297 4684 Bellao
1321 4621 1433 4684 SG.
1466 4623 1648 4684 Baluo
1676 4624 1740 4683 B.
2530 4622 2547 4650 ⁵
2589 4622 2869 4683 Limianas
2897 4623 2964 4683 Β.

1037 4725 1055 4754 ²
1099 4725 1300 4808 Boffan
1329 4725 1396 4786 B.
2528 4726 2547 4755 ⁸
2596 4725 2857 4809 eorm-(550
2879 4723 2990 4787 SQ

1038 4829 1055 4856 ³
1100 4829 1268 4889 Fonte
1293 4826 1539 4890 Asman's
1567 4830 1633 4891 B.
2532 4828 2549 4858 ⁷
2594 4827 2957 4903 Mar-chibiqm
2982 4828 3050 4889 B.

1038 4932 1057 4961 ⁴
1100 4933 1337 5015 Arteqas
1366 4932 1426 4993 Β.
