4442 5769
1395 601 2031 675 MONASTERII
2091 603 2225 674 DE
2289 604 2925 679 BELLOLOCO.
3445 609 3582 680 115

737 789 813 850 et
853 772 928 850 S.
969 769 1201 860 Petri,
1233 770 1587 877 principis
1628 770 2171 876 apostolorum,
2205 736 2394 850 ess·
2433 773 2835 850 Felicitatis
2864 742 3338 880 aliorumque
3381 804 3588 852 sanc·

733 920 1024 992 torum,
1072 901 1205 980 ubi
1254 901 1366 979 vir
1404 900 1851 981 venerabilis
1887 900 2259 983 flodulfus
2297 902 2524 981 abhas
2567 931 2879 1010 praeesse
2917 903 3238 994 videtur,
3279 906 3428 983 hoc
3474 924 3590 984 est

739 1061 1033 1113 mansos
1071 1016 1398 1121 nostros,
1433 1032 1566 1139 qui
1600 1049 1776 1111 sunt
1814 1034 1892 1109 in
1931 1061 2121 1140 pago
2149 1035 2602 1124 Tornense1,
2644 1036 2724 1111 in
2762 1034 3027 1111 vicaria
3057 1032 3582 1127 Casiliacense,

737 1167 815 1243 in
851 1166 1020 1244 leco
1055 1166 1191 1272 qui
1234 1182 1534 1244 vocatur
1567 1163 1685 1242 Ad
1707 1165 1892 1243 Poio
1931 1164 2280 1243 Aldrico:
2322 1194 2665 1243 mansum
2694 1166 2825 1244 ubi
2859 1165 3205 1243 Aldricus
3240 1167 3436 1244 visus
3477 1184 3621 1245 est.

737 1324 1079 1387 manere,
1133 1314 1211 1374 et
1257 1296 1488 1375 alium
1533 1324 1878 1374 mansum
1915 1295 2047 1374 uhi
2092 1295 2472 1375 Ebrardus
2513 1314 2799 1386 manet,
2847 1315 2921 1375 et
2959 1296 3194 1374 alium
3244 1326 3588 1377 mansum

737 1429 870 1506 ubi
909 1427 1333 1509 Giialtarius
1369 1445 1664 1518 manet,
1693 1445 1768 1506 et
1803 1427 2038 1509 alium
2059 1456 2420 1506 -mansum
2456 1427 2589 1506 uhi
2617 1403 3011 1509 Gairaldus
3052 1429 3248 1507 visus
3284 1447 3394 1506 est
3432 1458 3591 1507 ma-

739 1587 954 1649 nere,
984 1587 1215 1667 quem
1257 1587 1395 1667 ego
1434 1559 1857 1638 Bernardus
1896 1560 2356 1666 conquistavi
2388 1559 2491 1637 de
2529 1559 2928 1666 Stephano.
2966 1560 3060 1636 Et
3087 1560 3167 1637 in
3202 1559 3350 1637 alio
3381 1559 3585 1649 loce,
3683 1570 3689 1576 ’

736 1691 814 1767 in
851 1719 1043 1799 pago
1082 1691 1580 1781 LimovicinO,
1619 1692 1696 1768 in
1725 1691 1992 1769 vicaria
2029 1691 2380 1770 Brivense
2422 1690 2555 1798 [al.
2579 1695 2812 1795 salse.-
2842 1685 3260 1799 Brinense],
3301 1692 3380 1768 in
3416 1691 3591 1769 villa

738 1850 904 1927 quae
937 1803 1239 1900 vocatur
1276 1824 1373 1900 ad
1394 1822 1604 1903 Velia
1632 1821 1981 1914 fontem-²,
2014 1851 2360 1903 mansum
2397 1823 2530 1902 ubi
2566 1821 3012 1901 Arlabaldus
3050 1823 3247 1901 visus
3289 1840 3402 1901 est
3432 1850 3593 1901 ma-

737 1981 916 2031 nere
938 2016 955 2044 ,
990 1971 1068 2031 et
1104 1954 1335 2031 alium
1366 1982 1711 2032 mansum
1742 1955 1873 2032 ubi
1913 1953 2396 2062 ingelbaldus
2431 1953 2631 2033 visus
2668 1970 2779 2031 est
2813 1982 3139 2031 manere.
3174 1955 3383 2060 Ipsos
3415 1981 3589 2031 vero

740 2113 1034 2164 mansos
1078 2086 1424 2193 superius
1463 2085 1924 2176 nominatos,
1975 2113 2146 2163 cum
2202 2084 2587 2174 domibus,
2641 2084 3008 2174 aedificiis,
3060 2085 3318 2175 curtis,
3369 2086 3584 2173 ortis,

739 2217 974 2294 vineis
994 2278 1011 2306 ,
1040 2217 1299 2322 pratis,
1328 2217 1654 2323 pascuiS,
1681 2215 1909 2306 silviS,
1946 2215 2187 2297 exitiis
2217 2204 2294 2294 et
2319 2215 2811 2323 regressibuS,
2845 2216 3306 2323 adjacentiis,
3340 2216 3583 2321 aquis,

741 2375 1192 2454 aquarumve
1235 2347 1704 2438 decursibus,
1737 2365 1889 2424 tam
1920 2348 2118 2424 intus
2148 2376 2377 2454 quam
2418 2346 2601 2424 foris
2628 2347 3319 2455 villam,·quantum
3352 2347 3448 2424 ad
3480 2348 3592 2453 ip-

740 2506 861 2556 sos
891 2507 1186 2557 mansos
1221 2478 1483 2584 aspicit
1520 2496 1646 2558 aut
1673 2480 1998 2584 aspicere
2035 2475 2355 2567 videtur,
2391 2479 2739 2587 quaesitos
2771 2497 2847 2557 et
2881 2479 3090 2586 quod
3122 2478 3593 2586 adinquiren-

741 2608 926 2686 dum
973 2626 1104 2687 est.
1147 2612 1259 2688 De
1300 2610 1686 2717 mancipiis
1722 2638 1899 2689 vero
1940 2610 2034 2697 iis
2080 2609 2577 2688 nominibus:
2618 2609 2920 2688 Aldrico
2963 2639 3136 2688 cum
3176 2637 3408 2689 uxore
3458 2639 3594 2689 sua

742 2756 816 2817 et
863 2739 1268 2818 infantibus
1319 2742 1504 2834 suis,
1558 2740 1929 2819 Ebraldus
1989 2770 2160 2819 cum
2203 2770 2442 2820 ‚uxore
2493 2771 2624 2819 sua
2685 2760 2760 2820 et
2808 2739 3217 2819 infantibus
3267 2742 3446 2821 suis.
3488 2744 3592 2820 Ea

739 2899 915 2950 vero
961 2873 1306 2980 superius
1353 2873 1765 2964 nominata,
1812 2873 1977 2953 Deo
2031 2872 2377 2953 salvatori
2427 2872 2773 2952 omnium
2823 2890 2900 2952 et
2942 2873 3019 2952 S.
3065 2875 3286 2953 Petro
3338 2873 3594 2954 offeri·

740 3028 941 3092 mus,
986 3002 1068 3082 in
1107 3004 1501 3111 stipendiis
1546 3020 1621 3081 et
1668 3002 1930 3082 usibus
1969 3004 2561 3096 monachorum,
2602 3031 2742 3110 pro
2784 3004 3125 3082 remedio
3170 3004 3593 3081 animarum

740 3149 1160 3211 nostrarum
1183 3194 1201 3223 ,
1255 3151 1330 3211 et
1375 3161 1515 3241 pro
1566 3133 1910 3217 remedio
1959 3134 2226 3211 animae
2268 3134 2405 3211 filii
2455 3136 2723 3221 nostri,
2783 3150 2869 3211 ut
2916 3150 3086 3239 post
3134 3132 3592 3212 hodiernum

744 3263 948 3341 diem
968 3326 985 3354 ,
1014 3264 1369 3355 habeant,
1403 3264 1868 3371 possideant,
1903 3280 1979 3341 et
2003 3261 2273 3346 faciant
2309 3261 2676 3372 quicquid
2707 3263 3067 3370 elegerint
3100 3264 3177 3340 in
3206 3263 3588 3358 omnibus,

715 3395 907 3501 'jure
964 3394 1494 3484 ecclesiastico3
1557 3424 1645 3472 ea
1702 3394 2016 3502 quidem
2070 3395 2357 3474 ratione
2417 3411 2532 3486 ut,
2590 3395 2929 3503 quandiu
2984 3423 3126 3502 ego
3175 3394 3594 3474 Bel-nardus

739 3524 1089 3603 advixero
1137 3542 1216 3602 et
1255 3554 1446 3606 uxor
1490 3555 1689 3617 mea,
1733 3526 2241 3605 communiter
2285 3545 2674 3606 teneamus
2714 3526 3433 3606 usumfructuarium
3454 3589 3470 3616 ,
3519 3545 3594 3605 et

739 3657 954 3737 annis
1001 3655 1355 3765 singulis,
1415 3657 1514 3736 ad
1561 3655 2030 3736 festivitatem
2071 3658 2150 3738 S.
2191 3659 2425 3748 Petri,
2470 3658 2820 3738 denarios
2879 3659 3285 3737 duodecim
3330 3688 3597 3737 census

735 3787 1265 3894 persolvamus.
1325 3790 1421 3866 Et
1478 3790 1538 3866 si
1591 3813 1730 3897 ego
1768 3789 1977 3896 prior
2014 3791 2112 3869 de
2162 3791 2447 3870 saeculo·
2492 3792 2933 3885 discessero,
2976 3792 3210 3869 mansi
3250 3792 3383 3898 qui
3420 3810 3597 3870 sunt

738 3921 818 3997 in
851 3921 1033 4000 Poio
1063 3920 1196 4029 [al.
1205 3924 1438 4023 false.-
1459 3919 1696 4031 pago]
1726 3919 2067 4012 Aldrico,
2101 3922 2196 4000 ad
2227 3923 2475 4028 ipsum
2505 3922 2754 4001 locum
2785 3940 3273 4013 revertantur,
3309 3940 3596 4001 et·uxor

739 4079 906 4128 mea
946 4077 1243 4131 mansos
1282 4080 1494 4131 meos
1533 4052 1610 4128 in
1635 4051 1847 4131 Velia
1883 4051 2131 4130 fonte³
2159 4053 2510 4143 retineat,
2546 4083 2716 4134 cum
2753 4054 3157 4134 medietate
3201 4054 3297 4131 de
3338 4083 3589 4132 censu.

739 4180 834 4256 Et
872 4181 967 4271 si,
1014 4181 1109 4257 de
1154 4183 1315 4288 ipso
1356 4209 1583 4260 censu
1632 4182 2096 4290 negligentes
2141 4182 2538 4274 fuerimuS,
2592 4185 3008 4263 secundum
3051 4184 3297 4290 legem
3340 4211 3595 4261 emen-

741 4310 1114 4389 dabimus,
1160 4312 1354 4410 Post
1386 4341 1690 4421 quoque
1736 4312 2135 4398 amborum
2185 4332 2524 4393 nostrum
2569 4316 2993 4405 decessum,
3038 4312 3342 4422 qua'ndo
3391 4315 3595 4393 Deus

736 4442 1092 4532 voluerit,
1130 4457 1380 4520 totum
1403 4461 1481 4520 et
1503 4444 1598 4520 ad
1617 4445 2028 4553 integrum,
2056 4446 2417 4553 adipsum
2445 4446 2696 4525 locum
2730 4461 3165 4534 revertatur,
3187 4445 3349 4524 sine
3366 4444 3598 4524 ullius

738 4572 1069 4653 hominis
1090 4572 1705 4653 contradictione.
1741 4575 1936 4656 Sane
1960 4576 2023 4655 si
2039 4577 2260 4685 quis,
2290 4607 2463 4668 nos,
2487 4578 2876 4656 immutata
2901 4576 3279 4656 voluntate
3310 4594 3559 4657 nostra
3576 4639 3593 4666 ,

737 4722 867 4783 aut
905 4705 1108 4784 ullus
1141 4705 1235 4785 de
1277 4704 1688 4786 heredibus
1725 4708 2001 4786 nostris
2040 4725 2170 4787 aut
2197 4708 2675 4818 propinquis,
2725 4726 2852 4789 aut
2887 4708 3039 4787 ufla
3078 4709 3404 4788 immissa
3430 4737 3599 4816 per-

823 4890 838 4920 ¹
896 4890 1183 4954 Tor-inme
1203 4890 1317 4978 SG.
2330 4893 2350 4924 ³
2404 4894 2608 4958 Velleia
2620 4893 2783 4978 sonte
2805 4894 2873 4959 B.

824 4991 842 5022 ³
885 4992 983 5056 Ad
1018 4995 1169 5057 Velia
1169 4996 1329 5092 sorte
1348 4995 1462 5064 SG.
