4442 5769
1330 538 1968 614 MoNAs'rERu
2021 541 2152 613 DE
2205 519 2843 617 BELLoLoco.
3461 551 3503 621 5

665 708 851 787 tidie
898 710 1491 801 misericordiae'?
1541 714 1912 815 operam³⁶
1950 686 2441 819 pauperibus,
2498 713 2998 819 indigentibus
3053 732 3127 790 et
3172 714 3501 808 advenis,

662 868 802 946 pro
840 843 1050 918 venia
1089 858 1513 919 nostrorum
1549 841 2096 945 peccaminum,
2146 844 2519 921 exhibere.
2572 844 2856 920 Placuit
2905 843 3127 921 etiam
3172 846 3347 922 huic
3393 849 3506 923 in·

666 971 809 1047 seri
848 987 1286 1050 testamento
1323 989 1408 1048 ut
1455 1000 1593 1048 nec
1631 999 1835 1061 meo,
1875 1000 2012 1048 nec
2053 992 2443 1078 parentum
2486 1002 2825 1050 meorum
2876 971 3323 1082 [dominio]‚
3368 1006 3507 1054 nec

664 1098 972 1177 fastibus
986 1108 1040 1150 ³⁷
1078 1102 1295 1208 regiae
1329 1101 1887 1208 magnitudinis,
1931 1131 2067 1181 nec
2095 1103 2492 1209 cujuslibet
2518 1121 2826 1181 terrenae
2850 1106 3242 1209 potestatis
3258 1106 3508 1213 jugo³⁸

665 1228 1132 1335 subjaceant,
1200 1231 1336 1309 sed
1392 1260 1944 1338 quemcumque
2003 1233 2280 1338 praefati
2340 1234 2688 1310 monachi
2757 1262 2843 1308 ex
2906 1235 3324 1341 semetipsis
3387 1236 3511 1313 ab·

663 1358 914 1436 batem
964 1360 1080 1438 vel
1124 1379 1498 1466 pastorem
1546 1362 1813 1469 suique
1867 1379 2232 1440 rectorem
2288 1364 2698 1441 secundum
2766 1363 3318 1471 beneplacitum
3366 1367 3507 1444 Dei

669 1507 740 1569 et
782 1490 1113 1595 regulam
1159 1490 1232 1568 S.
1288 1491 1666 1569 Benedicti
1719 1491 1989 1598 eligere
2038 1493 2436 1583 voluerint,
2489 1492 2794 1581 lihero³⁹
2843 1495 2920 1569 in
2979 1494 3329 1571 omnibus
3380 1495 3511 1572 eli-

663 1619 885 1726 gendi
944 1618 1221 1727 absque
1270 1620 1497 1697 ullius
1553 1622 1934 1726 potestatis
1982 1622 2502 1729 inquietudine
2551 1622 2927 1728 potiantur
2988 1622 3314 1700 arbitri0.
3366 1625 3509 1701 Pro

665 1749 1133 1827 infestatione
1172 1779 1345 1828 vero
1395 1751 1889 1855 pessimorum
1939 1753 2526 1860 iniquorumque
2568 1754 3000 1842 hominum,
3057 1754 3345 1858 regium
3383 1782 3506 1829 ex-

664 1881 1040 1984 poscimus
1085 1879 1718 1970 mundiburdum,
1765 1901 1849 1959 ut
1890 1882 2090 1959 illius
2148 1883 2407 1961 solatio
2449 1882 2614 1959 fulti
2669 1883 3152 1989 tuitionisque
3205 1912 3346 1990 ope
3386 1914 3508 1961 re-

664 2009 919 2099 levati,
961 2010 1221 2119 laetiori
1271 2012 1520 2088 animo
1571 2038 1705 2118 pro
1755 2014 1970 2118 regiae
2019 2013 2399 2118 dignitatis
2439 2013 2876 2090 exaltatione
2928 2028 3150 2118 atque
3206 2032 3507 2091 cuncto-

666 2154 838 2217 r'um
889 2139 1423 2219 catholicorum
1485 2140 1754 2231 salute,
1822 2142 2084 2219 divinae
2131 2142 2317 2219 votis
2372 2142 2831 2248 supplicibus
2894 2159 3170 2249 queant
3223 2143 3506 2221 adstare

668 2269 1095 2348 clementiae.
1128 2272 1337 2380 Rogo
1368 2272 1623 2361 etiam,
1659 2288 1736 2348 et
1763 2272 2043 2378 poplite
2085 2272 2277 2349 flexo
2319 2272 2721 2361 humiliter,
2756 2301 3021 2348 omnes
3059 2302 3308 2380 reges,
3350 2276 3509 2380 epi-

668 2428 964 2505 scopos,
1006 2400 1341 2491 abbates,
1396 2401 1736 2491 comites,
1779 2402 2120 2489 vicarios,
2175 2419 2633 2509 cunctosque
2682 2400 3104 2506 reipublicae
3330 2405 3506 2480 inis-

666 2548 1014 2622 tratores,
1070 2550 1292 2641 atque
1345 2532 1424 2609 in
1472 2561 1869 2610 commune
1907 2561 2170 2611 ornnes
2225 2551 2484 2610 sanctae
2521 2532 2663 2609 Dei
2704 2530 3047 2631 Ecclesiae
3092 2532 3143 2606 fi
3201 2534 3351 2609 eles
3387 2562 3509 2611 ex-

668 2688 894 2767 posco
948 2681 1023 2738 et
1065 2691 1204 2769 per
1258 2663 1716 2742 individuam
1776 2681 1850 2741 et
1916 2662 2486 2770 inseparabilem
2538 2662 2990 2739 Trinitatis⁶⁰
3049 2663 3505 2769 majestatem

672 2791 941 2870 obnixe
979 2794 1229 2902 flagito
1270 2812 1346 2872 et
1384 2795 1782 2903 flagitando
1834 2795 2095 2903 adjuro
2153 2811 2270 2883 ut,
2328 2792 2745 2870 secundum
2791 2810 3120 2898 tempus,
3172 2822 3387 2909 posse
3439 2812 3513 2869 et

671 2923 957 3013 locum,
1000 2926 1060 3002 si
1100 2925 1365 3032 aliquis
1407 2926 1548 3003 Dei
1591 2926 1938 3002 inimicus
1977 2926 2164 3002 hanc
2204 2924 2433 3000 nostri
2468 2922 2695 2999 studii
2736 2922 3209 2998 devotionem
3249 2922 3507 2999 infrin-

559 3069 564 3074 '
670 3081 877 3160 gere,
941 3073 1074 3132 aut
1137 3056 1489 3134 instinctu
1554 3055 1955 3144 diabolico,
2020 3053 2335 3160 maligna
2398 3051 2797 3157 cupiditate
2868 3050 3138 3126 violare
3203 3069 3508 3128 conatus

672 3182 932 3273 fuerit,
965 3184 1450 3293 adjutorium,
1485 3185 1712 3262 divini
1742 3185 1879 3261 zeli
1911 3184 2174 3260 ardore
2212 3181 2686 3267 inflammati,
2731 3178 3248 3288 charitatisque
3289 3199 3506 3287 atque

673 3341 858 3390 verae
877 3312 1353 3393 fraternitatis
1380 3317 1546 3423 igne
1568 3314 1938 3401 succensi,
1966 3313 2157 3390 ferre
2182 3340 2333 3389 non
2367 3311 2923 3417 dedignentur*¹¹
2954 3340 2970 3382 :
3006 3337 3218 3414 reges
3249 3337 3510 3388 secun-

676 3442 857 3520 dum
906 3446 1192 3522 virtutis
1249 3474 1398 3524 suae
1454 3445 1899 3552 potentiam,
1958 3443 2248 3521 fortiter
2300 3440 2471 3518 illos
2518 3439 3123 3544 comprimend03
3181 3440 3509 3545 episcopi

675 3601 849 3653 vero
876 3575 1087 3680 juxta
1126 3575 1510 3683 potestatis
1538 3604 1690 3651 suoe
1731 3574 2223 3660 sanctitatem,
2269 3601 2310 3648 a
2343 3588 2539 3648 coetu
2570 3569 2912 3646 fidelium
2947 3586 3021 3645 et
3051 3569 3145 3645 ab
3186 3568 3511 3645 Ecclesia

677 3704 813 3782 Dei
855 3706 1263 3811 separando
1302 3735 1388 3784 ac
1427 3704 1914 3782 anathematis
1942 3702 2242 3780 vinculo
2283 3699 2738 3809 colligand03
2776 3699 3171 3804 caeterique
3210 3698 3506 3786 fideles,

676 3853 802 3913 aut
851 3867 990 3943 pro
1031 3838 1425 3916 ministerii
1472 3854 1835 3944 potestate
1853 3842 1908 3883 ⁴2
1951 3835 2401 3923 coercendo,
2448 3849 2578 3911 aut
2626 3833 2850 3909 etiam
2892 3831 3008 3928 vel
3036 3831 3279 3909 verbis
3305 3833 3512 3937 juxta

676 3996 892 4073 posse
926 3968 1277 4048 solatium
1318 3968 1764 4076 supplendo.
1813 3970 1970 4075 Ego
2017 3985 2264 4043 autem
2307 3965 2641 4043 omnium
2697 3991 3080 4041 servorum
3121 3963 3260 4038 Dei
3304 3962 3513 4039 exilis

681 4126 962 4189 servus,
1002 4099 1176 4177 licet
1204 4099 1589 4207 indignus,
1637 4097 2036 4205 episcopali
2075 4114 2329 4173 tamen
2371 4093 2606 4172 insula
2635 4094 3009 4181 astrictus,
3051 4090 3267 4167 illum
3301 4092 3505 4166 omni

763 4290 809 4321 ⁸⁵
847 4259 1273 4355 Misenoorditer
1296 4292 1441 4354 Just.
1483 4291 1645 4353 deest
1678 4291 1828 4351 Anu.
1861 4289 1971 4352 SG.
2166 4286 2400 4372 eliqendi
2427 4287 2623 4369 absque
2654 4287 2816 4347 ullius
2832 4283 3105 4366 potestatis
3136 4280 3511 4361 inquietudinis

763 4391 806 4423 ⁸⁰
852 4394 1038 4478 Opera
1064 4396 1216 4457 Ann.
1241 4395 1354 4458 SG.
1917 4449 1942 4476 ‚
2160 4393 2446 4474 potiantur
2472 4389 2705 4455 artibus,
2729 4388 2795 4447 B.

763 4495 805 4525 ³⁷
850 4497 1114 4558 Fascibus
1142 4497 1359 4558 Mabiss.
1384 4497 1530 4558 Nov.
1552 4496 1623 4558 G.
1659 4496 1750 4557 ch.
2254 4491 2298 4523 ⁴⁰
2340 4491 2449 4555 SS.
2490 4490 2769 4552 Trinitatis
2791 4486 2902 4549 SG.

763 4597 806 4628 ³⁸
847 4599 991 4684 Jaqo
1019 4601 1181 4662 deest
1208 4600 1273 4661 B.
1301 4612 1360 4661 et
1381 4598 1496 4662 SG.
2254 4593 2295 4625 ‘¹
2344 4594 2652 4676 Diqnenmr
2672 4615 2690 4650 .-
2717 4590 2856 4673 leqss
2876 4586 2943 4647 B.
2966 4599 3025 4648 et
3053 4586 3165 4649 SG.

764 4698 809 4731 ³’
851 4701 928 4762 Et
941 4724 1066 4763 veru
1080 4704 1136 4763 in
1149 4703 1536 4787 omnibusjm
1560 4699 1791 4786 eliqendi
1806 4701 2018 4783 potian·
2256 4693 2298 4727 ⁴²
2341 4696 2437 4759 Sic
2466 4694 2612 4754 Ann.
2637 4691 2749 4753 SG.
2777 4702 2835 4752 et
2858 4689 3072 4751 mabill.
3097 4690 3210 4752 Per
3232 4693 3513 4753 ministerii

689 4816 777 4860 tur
797 4803 994 4886 absque
1026 4804 1190 4866 ullius
1214 4806 1485 4887 potestatis
1516 4804 1604 4865 vel
1639 4800 2019 4886 inquietudinis
2163 4809 2478 4883 potestatem
2502 4796 2565 4856 B.
2597 4795 2667 4856 D.
2691 4792 2816 4854 Col.
2849 4794 2988 4855 Nov.
3015 4792 3087 4855 G.
3112 4792 3202 4854 ch.
3227 4816 3330 4874 por
3357 4795 3508 4853 mini·

691 4906 888 4967 artibus
922 4906 1139 4969 Mabill.
1180 4919 1237 4969 et
1284 4907 1397 4971 SG.
1435 4919 1490 4968 et
1525 4928 1650 4969 vem
1690 4907 1744 4968 in
1780 4905 2021 4967 omnibns
2167 4903 2387 4964 sterium
2406 4897 2699 4982 presulum
2726 4895 2834 4958 SG.
