4442 5769
1401 610 2032 687 MONASTERII
2095 614 2227 686 DE
2292 613 2922 688 BELLOLOCO.
3442 616 3582 686 113

734 787 931 865 visus
983 801 1095 865 est
1144 811 1484 874 manere,
1543 782 1714 861 cu‘m
1764 786 1923 891 ipsa
1976 785 2188 863 vinea
2238 812 2404 890 quae
2458 782 2691 861 habet
2736 784 2960 873 fines,
3004 783 3100 860 de
3147 811 3303 862 uno
3355 784 3586 861 latere

734 918 1026 994 vineam
1086 914 1471 993 Teotfredi
1531 915 1959 1022 presbiteri,
2022 915 2118 992 de
2173 914 2320 992 alio
2388 914 2621 991 latere
2680 916 2971 990 vineam
3023 913 3453 1004 Aderberti,
3515 932 3591 992 et

737 1048 833 1125 de
877 1048 1098 1125 tertio
1138 1045 1369 1123 latere
1420 1047 1610 1124 viam
1648 1043 2060 1152 publicam,
2116 1046 2212 1124 de
2262 1063 2528 1153 quarto
2576 1072 2752 1122 vero
2799 1045 3031 1121 latere
3069 1061 3347 1121 terram
3396 1046 3593 1123 Ada-

735 1180 959 1268 lardi3
1012 1180 1259 1285 ipsum
1322 1205 1665 1257 mansum
1713 1206 1884 1255 cum
1929 1178 2149 1255 terris
2200 1177 2419 1255 cultis
2483 1195 2557 1254 et
2607 1176 2941 1265 incultis,
3003 1205 3173 1252 cum
3241 1176 3592 1254 omnibus

738 1309 835 1386 ad
878 1338 956 1387 se
1010 1307 1583 1415 pertinentibus.
1636 1310 1749 1386 De
1801 1308 2189 1415 mancipiis
2238 1336 2411 1387 vero
2463 1309 2552 1386 iis
2609 1307 3053 1386 nominibus
3097 1339 3114 1383 t
3156 1308 3591 1385 Ermenrico

740 1457 815 1517 et
863 1467 1092 1517 uxore
1142 1468 1277 1517 sua
1327 1466 1498 1517 cum
1545 1438 1961 1516 infantibus
2001 1467 2267 1517 eorum
2287 1501 2303 1529 ,
2349 1437 2652 1518 Arlaldo
2698 1456 2774 1539 et
2817 1466 3047 1516 uxore
3098 1467 3231 1516 sua
3269 1468 3439 1517 cum
3482 1441 3597 1515 in-

736 1570 1068 1649 fantibus
1099 1596 1364 1647 eorum
1380 1575 1428 1659 ³,
1474 1586 1783 1676 excepto
1821 1568 1979 1647 filio
2021 1596 2288 1647 eorum
2327 1570 2863 1677 primogenite,
2910 1587 2985 1645 et
3023 1568 3170 1646 alio
3211 1598 3422 1648 servo
3459 1600 3597 1649 no—

737 1704 942 1778 mine
966 1761 1319 1778 .......
1373 1702 1542 1781 Haec
1576 1701 1826 1778 omnia
1855 1702 2198 1807 superius
2230 1701 2644 1790 nominata,
2676 1700 2839 1778 Deo
2875 1699 3211 1777 salvatori
3250 1703 3590 1779 omniu‘m

739 1849 814 1909 et
854 1835 929 1911 S.
973 1833 1196 1910 Petro
1239 1831 1511 1919 offerO,
1553 1859 1693 1938 pro
1731 1830 2071 1909 remedio
2110 1831 2377 1909 animae
2420 1861 2608 1909 meae
2648 1848 2725 1910 et
2761 1831 3022 1909 animoe
3063 1833 3290 1937 patris
3327 1834 3478 1911 mei
3521 1851 3599 1910 et

738 1964 1004 2042 animae
1030 1963 1283 2039 matris
1307 1990 1494 2041 meae
1511 2024 1529 2051 ,
1558 1979 1636 2040 et
1663 1990 1803 2068 pro
1834 1963 2221 2040 animabus
2250 1962 2565 2041 fratrum
2588 1990 2934 2043 meorum
2954 2021 2972 2052 ,
3005 1963 3083 2039 in
3103 1962 3494 2068 stipendiis
3523 1980 3599 2040 et

737 2092 998 2171 usibus
1055 2093 1633 2181 monachorum,
1696 2110 1782 2169 ut
1842 2108 2014 2199 post
2061 2090 2520 2172 hodiernum
2584 2092 2787 2170 diem
2842 2110 3184 2180 teneant,
3229 2092 3596 2186 habeant,

736 2222 1202 2328 possideant,
1239 2241 1315 2300 et
1342 2221 1617 2301 faciant
1647 2223 1740 2299 de
1766 2222 1948 2328 ipsis
1975 2224 2238 2325 rebus,
2255 2224 2431 2332 jure
2464 2222 2994 2313 ecclesiastico,
3037 2222 3419 2331 quidquid
3449 2225 3604 2303 ele-

736 2355 1003 2461 gerint.
1052 2353 1278 2444 Sane,
1325 2352 1535 2460 quod
1590 2352 1900 2431 minime
1957 2355 2217 2447 credo,
2264 2355 2327 2433 si
2373 2383 2512 2463 ego
2552 2356 2747 2460 ipse,
2791 2355 3185 2435 immutata
3219 2353 3600 2434 voluntate

741 2512 931 2573 mea,
955 2501 1086 2562 aut
1101 2484 1304 2562 ullus
1332 2484 1427 2561 de
1450 2483 1864 2562 heredibus
1882 2485 2094 2576 meis,
2119 2504 2251 2565 aut
2267 2485 2422 2564 ulla
2449 2486 2779 2564 immissa
2801 2514 3141 2593 persona,
3160 2514 3324 2594 quae
3346 2504 3601 2564 contra

741 2616 1153 2693 cessionem
1195 2616 1413 2694 istam
1455 2615 1690 2694 ullam
1737 2616 1947 2695 litem
1988 2644 2343 2725 generare
2385 2619 2978 2726 praesumpserit,
3022 2619 3364 2726 inprimis
3416 2619 3601 2713 iram

740 2746 882 2823 Dei
924 2747 1460 2853 omnipotentis
1498 2748 1831 2825 incurrat
1870 2764 1946 2827 et
1983 2765 2411 2827 sanctorum
2441 2748 2636 2856 ejus;
2682 2748 2955 2827 deinde
2987 2749 3109 2826 cui
3150 2748 3360 2827 litem
3401 2751 3602 2827 intu-

742 2876 912 2955 lerit
951 2896 1380 2985 componat,
1411 2878 1571 2958 auri
1609 2879 1836 2958 libras
1865 2879 2236 2989 quinque,
2273 2880 2558 2987 argenti
2595 2881 2931 2987 pondera
2961 2879 3257 2970 decem,
3300 2900 3598 2960 coactus

743 3009 1096 3099 exsolvat,
1159 3027 1238 3087 et
1293 3038 1428 3089 sua
1479 3009 1828 3117 repetitio
1873 3037 2099 3087 vacua
2147 3028 2567 3099 remaneat,
2621 3010 2758 3088 sed
2799 3038 3123 3116 praesens
3168 3012 3407 3090 cessio
3457 3013 3591 3089 ista

739 3139 951 3218 firma
986 3159 1063 3219 et
1099 3139 1383 3218 stabilis
1420 3156 1853 3247 permaneat
1893 3169 2067 3218 cum
2107 3139 2589 3248 stipulatione
2628 3140 2962 3219 subnixa.
3004 3143 3224 3220 Facta
3261 3143 3592 3223 cessione

742 3270 878 3348 ista
909 3272 985 3347 in
1013 3298 1268 3348 mense
1299 3286 1614 3381 augusto
1634 3330 1651 3360 ,
1686 3298 1887 3349 anno
1915 3287 2120 3350 sexto
2158 3289 2521 3379 regnante
2561 3269 2887 3351 Oddone
2915 3299 3114 3379 rege.
3162 3272 3237 3350 S.
3287 3272 3589 3351 Ainardi

739 3400 1171 3507 presbiteri,
1214 3401 1341 3508 qui
1386 3402 1798 3480 cessionem
1823 3401 2040 3480 istam
2079 3402 2245 3480 fieri
2286 3401 2403 3481 vel
2440 3401 2817 3480 adfirmari
2854 3403 3157 3511 rogavit.

2008 3910 2293 4020 inv.

1238 4113 1506 4193 [Donum
1534 4113 1767 4176 Aicardi
1795 4113 1871 4176 de
1898 4115 2168 4201 pluribus
2195 4116 2260 4177 in
2289 4117 2420 4179 loco
2448 4116 2682 4181 Salente
2705 4121 3097 4204 nuncupata]
3204 4121 3211 4128 ”

853 4324 1347 4405 Sacrosanctae
1382 4329 1702 4409 basilicae
1748 4334 1826 4413 S.
1878 4334 2081 4412 Petri
2125 4333 2640 4414 Bellilocensis
2694 4335 3152 4415 monasterii.
3205 4335 3354 4414 Nos
3386 4338 3591 4415 enim
3717 4363 3835 4421 oct.
3868 4369 3996 4436 θοι.

739 4456 819 4531 in
846 4455 1127 4551 Christi
1147 4464 1168 4504 ¹
1203 4459 1507 4538 nomine
1529 4461 1924 4553 Aicardus‚
1960 4465 2149 4545 cedo
2180 4494 2299 4545 res
2326 4466 2802 4574 proprietatis
2834 4493 3052 4557 meae,
3083 4494 3222 4575 pro
3249 4468 3592 4547 remedio
3821 4489 3895 4500 “·

741 4586 1004 4664 animae
1019 4614 1205 4665 meae
1223 4649 1241 4678 ‚
1284 4591 1431 4667 mei
1448 4592 1678 4697 patris
1703 4608 1780 4670 et
1809 4596 2068 4675 matris
2099 4625 2320 4688 meae,
2356 4597 2449 4675 ad
2478 4597 3022 4678 monasterium
3056 4598 3269 4707 quod
3293 4618 3596 4704 vocatur
3634 4568 4088 4704 ⁸'¹''‹;⁹,⁸}ie,'³¹‡,”⁸‘

827 4791 848 4821 ⁸
891 4790 1059 4853 Adde
1091 4819 1104 4852 :
1140 4791 1399 4858 Gutum
1426 4806 1480 4857 et
1505 4794 1828 4882 Siqiranno,
1860 4819 1986 4861 cam
2015 4800 2280 4865 mribus
2303 4816 2361 4864 ot
2387 4803 2682 4888 irisaatibas
2707 4825 2892 4867 eorum
2918 4803 2984 4867 C.

829 5004 847 5035 ¹
894 5005 1016 5090 Ego
1044 5008 1102 5069 ίιι
1118 5008 1223 5070 Dei
1251 5013 1461 5075 nomine
1484 5010 1598 5077 SG.
