4442 5769
1365 625 2002 700 MONASTERII
2056 624 2189 697 DE
2243 616 2876 698 BELLOLOCO.
3383 623 3532 697 249

695 799 898 903 ipsos
946 793 1293 873 delatent.
1340 794 1416 874 S.
1454 792 1805 873 Ebroini‘*
1855 794 1984 901 qui
2044 794 2261 870 istam
2318 809 2589 870 cartam
2644 791 2809 870 fieri
2851 793 3101 899 jussit.
3141 792 3218 872 S.
3263 791 3533 872 Aboui.

695 929 774 1007 S.
800 926 1125 1007 Girberti
1151 933 1201 1003 ⁵.
1236 928 1312 1005 S.
1340 925 1739 1005 Radrandi.
1771 925 1846 1004 S.
1877 924 2189 1004 Gibertiz
2225 925 2306 1050 S.
2341 924 2723 1002 Dauberti.
2755 924 2831 1001 S.
2864 922 3286 1002 Adalrandi.

1927 1475 2314 1574 CLxxl'x.

1110 1718 1391 1799 [Donatio
1422 1718 1726 1780 Aderberti
1753 1716 1829 1779 de
1858 1717 2101 1779 ecclesia
2122 1716 2320 1779 Sancti
2351 1718 2507 1778 Petri
2532 1717 2594 1776 in
2624 1714 2759 1776 villa
2784 1716 3145 1795 Nectranasq

807 1971 1127 2106 Oportet
1158 2001 1776 2117 unumquemque
1817 1972 1914 2050 de
1942 1971 2260 2049 terrenis
2293 1987 2368 2048 et
2405 1971 2706 2048 caducis
2729 1969 2956 2048 rebus
2984 1969 3305 2049 coelestia
3346 1999 3540 2048 mer·
3651 1986 3801 2040 Mart·
3824 1987 3950 2041 868-

697 2132 898 2189 care,
936 2130 1029 2179 ne
1068 2079 1468 2208 iinprovisa
1505 2132 1709 2181 mors
1746 2104 2149 2209 imparatos
2187 2128 2705 2209 quoscumque
2746 2101 3072 2178 inveniat
3109 2101 3202 2178 ab
3232 2100 3376 2178 hoc
3405 2131 3539 2180 sae-
3683 2173 3733 2215 Β
3755 2089 3919 2229 ἶ,

694 2234 868 2311 culo
912 2232 1404 2310 discedentes,
1447 2233 1731 2311 Idcirco
1775 2260 1913 2341 ego
1952 2234 2031 2310 in
2057 2231 2335 2311 Christi
2372 2232 2714 2323 nomine,
2748 2231 3265 2323 Aderbertusl,
3298 2233 3540 2310 divina
3665 2247 3748 2368 sg-
3769 2263 3815 2305 1>-
3823 2259 3940 2366 ⁸⁹5⁰

695 2364 1051 2470 largiente
1100 2363 1646 2452 miseratione,-
1676 2362 1852 2440 licet
1897 2364 2253 2472 indignus
2305 2362 2681 2454 sacerdos,
2733 2390 2873 2468 pro
2935 2390 3188 2440 amore
3248 2378 3537 2439 aeternae
3752 2337 3845 2379 Ρ

699 2493 1065 2571 mercedis
1099 2510 1176 2570 et
1202 2522 1338 2600 pro
1364 2492 1704 2571 remedio
1735 2495 1999 2571 animae
2027 2521 2209 2570 meae
2245 2522 2378 2572 seu
2401 2510 2797 2600 parentum
2837 2521 3212 2583 meorum,
3251 2510 3338 2571 ut
3369 2512 3539 2571 ante

692 2624 1020 2701 tribunal
1050 2623 1322 2702 Christi
1350 2626 1642 2702 veniam
1664 2651 2088 2702 mereamur
2116 2623 2467 2730 adipisci,
2501 2623 2689 2701 cedo
2717 2652 2836 2701 res
2864 2624 3333 2730 proprietatis
3358 2652 3542 2702 meae

696 2757 791 2832 ad
828 2755 1364 2834 monasterium
1396 2756 1606 2862 quod
1636 2755 2102 2848 Belluslocus
2144 2755 2440 2844 dicitur,
2482 2755 2690 2862 quod
2723 2771 2835 2833 est
2871 2755 3099 2833 situm
3137 2785 3358 2863 supra
3399 2756 3543 2834 flu-

694 2889 899 2965 vium
937 2887 1339 2965 Dornoniae
1355 2892 1409 2979 ²,
1453 2888 1531 2963 in
1572 2888 1942 2965 honorem
1983 2889 2066 2965 B.
2105 2888 2343 2974 Petri,
2383 2887 2740 3001 principis
2777 2886 3317 2993 apostolorum,
3364 2887 3544 2966 alio-

695 3047 1014 3125 rumque
1066 3034 1493 3095 sanctorum
1541 3033 2089 3107 consecratum;
2140 3016 2289 3092 hoc
2337 3032 2450 3093 est
2500 3015 2882 3094 ecclesiam
2924 3044 3169 3093 meam
3213 3045 3381 3123 quae
3431 3035 3542 3095 est

696 3152 771 3225 in
822 3141 1187 3226 honorem
1234 3148 1317 3224 B.
1369 3147 1567 3223 Petri
1625 3146 1996 3235 dedicata,
2053 3174 2224 3221 cum
2279 3145 2632 3222 omnihus
2677 3145 2771 3222 ad
2825 3173 2903 3223 se
2952 3140 3536 3251 pertinentibus,

694 3280 914 3356 terris
959 3278 1181 3355 cultis
1225 3293 1301 3354 et
1336 3274 1668 3362 incultis,
1709 3274 1942 3364 silvie,
1990 3275 2251 3380 pratis,
2294 3276 2622 3381 pascuis,
2664 3277 2875 3383 aquis
2911 3304 3364 3380 aquarumve
3410 3278 3540 3354 de-

697 3406 1069 3493 cursibus,
1115 3421 1190 3482 et
1226 3422 1918 3511 quantumcumque
1958 3404 2054 3481 ad
2092 3405 2332 3511 ipsam
2380 3405 2766 3483 ecclesiam
2805 3404 3177 3512 pertinere
3219 3405 3539 3483 videtur.

693 3538 837 3642 Est
874 3536 1076 3613 enim
1132 3535 1286 3640 ipsa
1347 3532 1656 3611 ecclesia
1709 3534 1788 3609 iu
1839 3561 2029 3641 pago
2094 3535 2608 3625 Lemovicino,
2662 3536 2739 3613 in
2791 3536 3052 3613 vicaria
3111 3535 3540 3615 Sariacense

704 3667 909 3773 [alias
938 3664 1421 3772 Seriacense³]
1440 3725 1457 3752 ‚
1482 3666 1559 3741 in
1584 3664 1757 3742 villa
1777 3694 1943 3772 quae
1960 3683 2266 3745 vocatur
2277 3668 2694 3746 Nectrauas.
2728 3669 2897 3744 Haec
2926 3668 3175 3746 omnia
3201 3671 3544 3776 superius

696 3793 1069 3874 nominata
1113 3826 1278 3904 quae
1318 3824 1491 3874 avus
1525 3824 1738 3874 meus
1773 3797 2192 3905 Stradigius
2227 3799 2416 3904 patri
2445 3827 2622 3876 meo
2658 3798 3183 3906 Ragamsred0‚
3225 3818 3299 3877 et
3336 3819 3544 3908 pater

696 3957 909 4005 meus
939 3926 1143 4004 fratri
1176 3954 1348 4004 meo
1382 3927 1752 4006 Landrico
1787 3926 2238 4033 presbitero,
2277 3944 2353 4005 et
2375 3956 2508 4035 per
2544 3928 2777 4034 ipsam
2816 3946 3087 4006 cartam
3119 3933 3538 4007 testamenti

695 4059 1102 4135 Landricus
1141 4057 1365 4133 frater
1394 4056 1581 4135 mihi
1626 4056 2064 4165 dereliquit,
2105 4060 2269 4137 Deo
2311 4058 2644 4137 salvatori
2686 4060 3023 4138 omnium
3067 4077 3144 4137 et
3171 4060 3246 4139 S.
3282 4060 3535 4150 Petro,

697 4187 789 4263 ad
834 4188 1218 4293 praefatum
1269 4188 1806 4267 monasterium
1850 4187 1985 4266 ubi
2032 4188 2142 4267 vir
2177 4189 2624 4268 venerabilis
2658 4189 3037 4270 Gairulfus
3081 4188 3308 4269 abhas
3347 4220 3539 4297 prae-

697 4345 853 4395 esse
893 4319 1209 4407 videtur,
1257 4320 1333 4395 in
1375 4318 1766 4425 stipendiis
1813 4335 1890 4395 et
1936 4318 2200 4397 usibus
2240 4322 2778 4398 monachorum
2821 4321 2898 4396 in
2943 4322 3274 4399 venturis
3315 4349 3542 4427 gene-

776 4592 796 4622 ⁴
842 4594 1174 4656 Ebmini....
1202 4596 1375 4677 jussit
1409 4595 1621 4657 desunt
1649 4593 1762 4657 SG.
2288 4596 2306 4626 ⁸
2348 4595 2407 4659 S.
2447 4595 2699 4656 Danbati.
2740 4595 2798 4657 S.
2824 4593 3145 4687 Adabrandi
3165 4596 3279 4661 SG.

776 4892 790 4920 ¹
839 4891 1161 4954 Adeamus
1192 4893 1257 4954 B.
2279 4895 2297 4923 ³
2342 4894 2649 4956 Ser-iacente
2677 4896 2745 4957 B.
2778 4895 3093 4959 Sar-iacente
3115 4897 3178 4959 C.
3208 4909 3265 4959 et
3293 4896 3409 4960 SG.

767 4994 787 5023 ⁸
839 4994 1125 5056 Dordom'oe
1149 4995 1263 5059 SG.

3242 5144 3308 5197 3²
4363 5146 4401 5209 ⁸?
