4442 5769
1335 606 1969 683 MONASTERII
2031 606 2162 680 DE
2189 605 2848 682 ‘BELLOLOCQ
3423 606 3519 682 127

686 779 1117 868 habuimus,
1162 777 1241 853 in
1281 774 1445 883 ipso
1492 804 1716 883 page,
1765 780 2068 855 tamfin.
2098 776 2355 866 terris,
2410 774 2643 867 silvis,
2688 774 2949 881 pratis,
3004 775 3270 866 vineis,
3322 777 3521 885 adja-

685 908 975 998 centiis,
1019 906 1235 985 cultis
1275 923 1354 985 et
1384 907 1720 999 incultis,
1764 905 2090 1014 quaesitis
2130 923 2216 983 et
2238 904 2832 1013 adinquirendis‚
2885 922 2962 983 et
3008 923 3253 984 totum
3303 925 3379 985 et
3424 907 3520 986 ab

685 1040 1009 1146 integro,
1041 1055 1736 1145 quantumcumque
1774 1053 2026 1115 nostra
2065 1053 2177 1115 eat
2211 1037 2606 1144 possessio.
2642 1037 2725 1113 In
2760 1036 3139 1145 integrum
3170 1038 3308 1115 tibi
3349 1067 3525 1116 ven·

688 1169 935 1247 dimus
984 1186 1057 1245 et
1101 1168 1202 1246 de
1251 1167 1381 1245 illo
1431 1166 1664 1246 casale
1733 1166 1863 1274 qui
1925 1183 2039 1246 est
2085 1167 2164 1245 in
2215 1166 2385 1246 loco
2436 1168 2565 1274 qui
2618 1167 2901 1246 dicitur.
2942 1167 3335 1259 Amanus,
3392 1167 3525 1245 uhi

684 1298 924 1377 David
962 1297 1108 1375 fuit
1143 1290 1341 1375 visus
1378 1325 1705 1375 manere.
1737 1297 2152 1377 Vendimus
2193 1298 2418 1376 etiam
2458 1296 2599 1375 tibi
2640 1299 3005 1405 mancipia
3045 1313 3299 1377 nostra
3334 1326 3529 1376 mas·

671 1427 917 1507 culini
973 1427 1321 1507 videlicet
1373 1455 1593 1506 sexus
1645 1444 1724 1506 et
1776 1425 2121 1507 feminini
2141 1486 2161 1516 .
2223 1455 2546 1534 quorum
2599 1446 2777 1506 sunt
2821 1429 3125 1507 nomina
3167 1462 3185 1506 ι
3247 1431 3527 1506 Dome-

688 1558 1079 1636 dramnus⁹
1121 1575 1196 1635 et
1233 1586 1421 1658 uxor
1448 1586 1582 1636 sua
1621 1586 1795 1636 cum
1836 1557 2243 1636 infantibus
2284 1587 2541 1637 eorum
2584 1559 2917 1649 duobus,
2950 1557 3521 1666 Ragambaldus,

687 1688 879 1767 Boso
919 1716 1090 1766 cum
1127 1687 1534 1765 infantibus
1573 1689 1728 1765 suis
1758 1716 1869 1779 111,
1904 1688 2397 1781 Adrebertus,
2436 1689 2884 1767 Aldefredus
2924 1718 3095 1766 cum
3133 1717 3360 1766 uxore
3396 1718 3528 1765 sua

690 1839 763 1897 et
799 1819 958 1900 filio
996 1846 1182 1908 unc,
1216 1818 1579 1908 UnalduS,
1619 1820 2045 1926 Magnane¹⁰
2085 1848 2257 1897 cum
2313 1819 2717 1898 infantibus
2757 1821 2942 1910 suiS‚
2995 1803 3482 1896 Unsindane¹¹
3505 1878 3522 1906 ,

688 1948 1084 2027 Benedicte
1146 1977 1319 2029 cum
1369 1949 1646 2027 infante
1695 1977 1884 2039 uno,
1945 1949 2295 2027 Alitrude
2343 1978 2517 2027 cum
2573 1948 2980 2027 infantibus
3038 1949 3191 2026 suis
3248 1948 3522 2037 tribus,

689 2080 1074 2158 Bertianus
1130 2092 1300 2155 cum
1352 2106 1583 2157 uxore
1633 2108 1764 2156 sua
1828 2096 1905 2157 et
1964 2078 2251 2156 infante
2301 2107 2492 2170 un03
2543 2079 2699 2185 ipsa
2764 2078 3125 2187 mancipia
3186 2079 3528 2185 superius

691 2210 884 2288 dicta
935 2227 1010 2288 et
1055 2227 1288 2287 status
1335 2208 1669 2301 illorum,
1725 2236 1896 2286 cum
1946 2208 2299 2287 omnibus
2349 2207 2845 2315 peculiaribus
2894 2207 3194 2285 illorum
3253 2208 3529 2313 quibus

688 2340 1033 2446 praesenti
1051 2358 1405 2444 ·tempore
1439 2338 1824 2445 possidere
1860 2339 2210 2417 videntur
2245 2355 2374 2417 aut
2397 2340 2477 2415 in
2505 2338 2759 2416 futuro
2794 2340 3086 2445 assequi
3119 2336 3524 2445 potuerint.

690 2472 861 2546 Haec
893 2470 1137 2547 omnia
1179 2469 1523 2576 superius
1572 2469 1795 2559 dicta,
1856 2497 2028 2546 cum
2067 2468 2417 2548 omnibus
2452 2469 2679 2547 rebus
2712 2469 3009 2546 illorum
3055 2470 3149 2545 ad
3187 2498 3263 2545 se
3306 2470 3535 2575 perti-

691 2600 1074 2690 nentibus,
1118 2600 1310 2676 sieut
1348 2628 1562 2706 supra
1606 2599 1955 2689 diximus,
2016 2626 2057 2677 a
2101 2599 2226 2677 die
2275 2617 2635 2707 praesente
2687 2599 2827 2677 tibi
2882 2599 3270 2677 vendimus
3309 2616 3532 2706 atque

694 2730 787 2811 de.
815 2732 988 2839 jure
1019 2747 1277 2808 nostro
1320 2731 1396 2807 in
1444 2748 1570 2808 tua
1613 2729 1978 2809 tradimus
2029 2730 2542 2809 dominatione
2601 2747 2823 2837 atque
2883 2748 3275 2838 potestate,
3326 2728 3531 2806 unde

692 2863 1109 2969 accepimus
1138 2891 1178 2938 a
1211 2876 1286 2940 te
1321 2864 1646 2968 pretium
1678 2862 1754 2939 in
1781 2891 1937 2970 quo
1967 2861 2185 2940 nobis
2214 2861 2411 2940 bene
2443 2861 2890 2968 complacuit
2928 2860 3042 2939 vel
3080 2860 3531 2968 aptificatum

690 2991 836 3070 fuit
877 3023 894 3068 ε
938 2992 1082 3069 hoc
1122 3009 1235 3070 est
1272 2993 1348 3069 in
1388 3009 1692 3101 argento
1724 2991 2315 3070 convalescentes
2354 2991 2640 3070 solidos
2665 2990 2875 3069 mille
2912 2993 3389 3097 quingentos»,
3435 2991 3535 3068 ita

691 3141 806 3210 ut,
850 3122 943 3200 ab
982 3123 1356 3214 hodierno
1398 3124 1560 3213 die,
1604 3120 1970 3230 quicquid
2010 3150 2096 3199 ex
2139 3121 2599 3228 supradictis·
2618 3120 2843 3198 rebus
2891 3120 3529 3210 faoerewolueris,

690 3252 1001 3331 liberam
1031 3271 1107 3329 et
1138 3253 1634 3332 firmissimam
1679 3253 1755 3328 in
1789 3252 2145 3330 omnibus
2184 3252 2458 3331 habeas
2495 3269 2941 3360 potestatem
2975 3250 3325 3340 faciendi,
3358 3252 3532 3358 jure

690 3384 1206 3491 proprietario·
1248 3386 1375 3474 Et,
1424 3383 1633 3490 quod
1672 3381 2008 3460 futurum
2061 3409 2245 3461 esse·
2272 3383 2585 3460 minime
2632 3382 3037 3470 credimus,
3083 3382 3144 3458 si
3181 3381 3529 3487 nosipsi,

694 3531 824 3592 aut
864 3514 1136 3620 aliquis
1185 3513 1280 3591 de
1331 3514 1736 3592 heredibus
1784 3531 1915 3591 aut
1960 3514 2403 3621 propinquis
2456 3541 2591 3591 seu
2639 3511 3184 3612 successoribus
3228 3513 3528 3600 nostris,

690 3644 807 3721 vel
856 3643 1209 3752 quaslibet
1262 3643 1413 3721 ulla
1463 3645 1792 3723 immissa
1838 3673 2189 3751 persona,
2250 3675 2416 3752 quae
2475 3663 2730 3724 contra
2777 3645 2993 3721 hanc‘
3024 3643 3528 3720 venditionem

693 3772 1014 3880 aliquam
1063 3775 1504 3852 calumniam
1556 3775 1673 3852 vel
1715 3775 2263 3881 repetitionem·
2294 3804 2673 3883 generare·
2698 3776 3281 3881 praesumpserit,
3345 3771 3535 3849 illud

694 3903 901 4010 quod
938 3904 1213 4011 repetit
1239 3932 1390 3982 uon
1428 3904 1792 3997 vindicate,
1836 3921 2086 3984 contra
2125 3931 2303 3984 vero
2354 3907 2474 3984 cui
2514 3906 2725 3983 litem
2762 3903 3100 3982 intulerit
3134 3920 3538 4010 componat

695 4033 975 4113 solidos
996 4051 1148 4112 tres
1176 4033 1408 4124 mille,
1439 4051 1515 4112 et
1542 4034 1698 4112 haec
1721 4034 2049 4113 venditio
2083 4036 2358 4114 nostris
2389 4053 2465 4113 et
2484 4035 2859 4114 bonorum
2887 4034 3285 4113 hominum
3309 4033 3536 4110 robo-

696 4181 878 4253 rata,
940 4192 1110 4241 eum
1161 4164 1644 4272 stipulatione
1692 4163 2000 4241 subnixa
2043 4182 2342 4242 maneat
2385 4164 2829 4244 inconvulsa.
2883 4167 3099 4241 Facta
3155 4163 3311 4239 haec
3359 4189 3535 4237 ven-

697 4293 882 4372 ditio
930 4294 1007 4370 in
1048 4322 1306 4373 meuse
1355 4294 1585 4385 maio,
1639 4323 1833 4372 anno
1882 4294 2130 4402 primo
2178 4323 2330 4402 quo
2374 4296 2692 4373 domnus
2750 4294 3125 4383 Lotarius‚
3169 4289 3534 4368 excellen-

690 4423 1030 4502 tissimus
1063 4424 1490 4531 imperator,
1528 4425 1921 4532 assumpsit
1940 4425 2370 4532 imperium.
2405 4427 2481 4504 S.
2510 4425 2807 4504 Bosoni.
2852 4425 2929 4502 S.
2954 4422 3260 4500 Talasiae
3289 4421 3536 4499 uxoris

692 4580 879 4646 suae,
920 4555 1054 4662 qui
1084 4556 1274 4632 hanc
1305 4555 1816 4634 venditionem
1839 4555 2006 4633 fieri
2043 4573 2118 4634 et
2146 4555 2520 4635 adfirmari
2546 4570 3006 4663 rogaverunt.
3043 4553 3119 4632 S.
3147 4553 3530 4630 Bernardi.

780 4764 2037 4836 'Domadrandasinchartam.seuflomo-
2280 4767 2321 4798 ¹⁰
2366 4764 3367 4851 Rhymss.ibietinchartanx.

686 4888 899 4929 rannus
936 4869 999 4929 in
1046 4868 1244 4932 charta
1295 4889 1412 4932 xlx.
1455 4870 1744 4953 Corrupte
1789 4869 2044 4934 Doumd-
2278 4869 2317 4900 ¹¹
2371 4866 2645 4931 Usimlano
2702 4867 2875 4930 falso.
2901 4866 3016 4931 SG.
3091 4868 3333 4932 videsis·
3374 4865 3536 4932 char-

677 4990 813 5068 Δηιιιε
851 4970 917 5032 B.
954 4970 1335 5034 Dour-andinus
1364 4971 1476 5036 SG.
2194 4983 2313 5034 tam
2338 4991 2455 5033 ιιι.
2489 4969 2779 5034 Benedicta
2803 4970 2921 5035 SG.
