4442 5769
1391 586 2028 661 MONASTERII
2092 587 2227 660 DE
2288 584 2988 662 BELLOLOCO..·
3070 654 3077 659 .
3486 589 3582 659 93

736 782 951 853 sam¹⁶
981 776 1073 853 de
1099 791 1307 852 antea
1335 792 1411 853 et
1432 773 1527 851 de
1550 782 1832 865 retro¹⁵,
1859 775 1993 854 sed
2011 793 2306 852 tantum
2330 775 2588 853 clausae
2610 775 2814 853 fiant.
2838 775 3234 882 Vectigalia
3261 805 3411 854 non
3437 776 3587 852 exi-

734 923 910 1017 gant
948 905 1284 1014 quandiu
1329 904 1592 982 fideles
1627 907 2194 1013 permanserint.
2241 906 2320 985 Si
2361 906 2699 984 infideles
2738 908 3014 1013 reperti
3053 906 3365 996 fuerint,
3422 936 3587 1013 per-

734 1038 913 1114 dant
932 1052 1210 1125 totum,
1239 1053 1315 1113 et
1344 1037 1436 1113 ad
1464 1038 1894 1116 servitutem
1923 1055 2319 1116 revertant.
2347 1039 2428 1114 In
2457 1066 2900 1144 unaquaque
2929 1036 3095 1115 villa
3123 1037 3460 1115 cedimus
3483 1039 3588 1113 eis

735 1196 975 1246 unum
1016 1196 1391 1257 mansum,
1429 1184 1503 1245 et
1541 1168 1620 1245 in
1660 1194 2125 1276 unoquoque
2155 1196 2413 1245 manso
2451 1169 2548 1245 de
2586 1186 2740 1246 tota
2768 1168 3032 1245 vicaria
3073 1175 3293 1255 suam,
3328 1169 3590 1245 damus

737 1308 843 1382 eis
872 1322 1194 1413 quatuor
1225 1303 1600 1394 denarios,
1629 1321 1702 1382 et
1723 1324 1946 1380 unam
1968 1302 2350 1409 gallinam,
2383 1320 2457 1379 et
2482 1302 2777 1379 tertiam
2801 1319 3087 1407 partem
3116 1300 3208 1377 de
3237 1301 3592 1378 omnibus

731 1436 1024 1543 placitis
1073 1452 1148 1512 et
1203 1433 1298 1511 de
1354 1434 1868 1512 vestitionibus
1917 1434 2281 1511 similiter.
2333 1434 2645 1540 Propter
2681 1434 2827 1509 hoc
2855 1434 3118 1539 jure-nt
3150 1431 3585 1510 fidelitatem

733 1596 958 1674 super
978 1566 1205 1643 altare
1237 1567 1317 1643 B.
1352 1565 1579 1655 Petri,
1616 1566 1693 1642 in
1722 1566 2104 1672 praesentia
2126 1573 2175 1613 ¹⁷
2201 1562 2521 1653 abbatis,
2553 1581 2629 1640 et
2654 1563 3041 1640 monachis
3066 1563 3198 1669 qui
3227 1561 3588 1676 obed-ien-

730 1699 940 1775 tiales
978 1698 1258 1775 fuerint
1285 1695 1431 1773 illis
1473 1697 1762 1774 diebus.
1804 1698 1898 1776 Si·
1923 1696 2125 1774 ullus
2165 1726 2250 1773 ex
2280 1693 2427 1772 illis
2458 1696 2764 1783 obierit,
2801 1696 3042 1773 honor
3069 1695 3229 1802 ejus
3261 1696 3336 1773 S.
3370 1696 3585 1772 Petro

729 1847 1139 1917 remaneat,
1187 1845 1262 1905 et
1300 1829 1686 1919 monachi,
1722 1829 2054 1906 seniores
2099 1828 2250 1915 sui,
2292 1856 2463 1905 eum
2512 1826 3054 1904 honorabiliter
3094 1826 3488 1932 sepeliant3
3526 1829 3585 1903 si

733 1960 926 2039 filios
953 1960 1327 2070 legitimos
1355 1959 1842 2050 habuerint¹⁸,
1881 1960 2119 2067 major
2156 1958 2529 2037 honorem
2559 1976 2808 2037 totum
2849 1974 3130 2047 teneat3
3164 1975 3330 2063 post
3369 1986 3587 2034 suum

735 2095 1125 2171 decessum
1157 2090 1533 2168 secundus
1569 2090 1940 2169 honorem
1981 2107 2262 2181 teneat,
2309 2107 2385 2166 et
2432 2090 2537 2167 sic
2575 2116 2812 2195 usque
2845 2087 2940 2164 ad
2978 2087 3355 2191 ultimum.
3392 2089 3489 2165 Et
3528 2089 3585 2165 si

731 2224 936 2301 ullus
978 2253 1063 2299 ex
1104 2220 1250 2300 illis
1283 2220 1643 2310 obierit¹⁹‚
1690 2241 1993 2299 centum
2032 2221 2316 2299 solidos
2356 2247 2735 2298 successor
2773 2219 2904 2325 qui
2943 2235 3113 2324 post
3152 2247 3326 2295 eum
3365 2247 3586 2294 vene-

730 2355 919 2447 rit2⁰‚
952 2355 1047 2432 ad
1072 2351 1477 2430 monachos
1511 2355 1725 2444 det21,
1766 2371 1839 2431 et
1871 2352 2308 2430 fidelitatem
2339 2351 2576 2429 faciat.
2620 2352 2715 2429 Et
2756 2350 2860 2444 sic
2890 2351 2965 2426 in
2997 2350 3331 2426 venturis
3361 2378 3589 2455 gene-

730 2484 1166 2563 rationibus.

2092 3036 2212 3109 LI.

930 3243 1208 3324 [Donatio
1237 3239 1524 3324 Guigonis
1555 3252 1613 3301 et
1641 3240 1879 3308 Avanae.
1913 3239 1988 3301 de
2019 3239 2260 3300 ecclesia
2291 3238 2350 3300 S.
2383 3238 2582 3301 Boniti
2609 3259 2842 3300 necnon
2874 3238 2949 3300 de
2977 3239 3113 3300 villa
3141 3238 3384 3319 Lacu¹.]
3440 3207 3447 3216 ι

843 3457 1165 3563 Oportet
1201 3485 1828 3565 unumquemque
1878 3457 1973 3534 de
2012 3457 2329 3535 terrenis
2372 3458 2468 3535 ad
2511 3456 2836 3534 coelestia
2884 3473 2958 3534 et
3005 3457 3097 3534 de
3149 3456 3441 3535 caducis
3491 3457 3586 3534 ad
3699 3484 3999 3541 Mamas&

729 3615 1074 3665 mansura
1101 3588 1446 3682 transire,
1490 3617 1587 3664 ne
1622 3588 1814 3666 forte
1855 3618 2060 3667 mors
2093 3588 2495 3696 improvisa
2529 3588 2854 3696 aliquem
2896 3577 3339 3696 imparatum
3380 3590 3585 3666 inve·

725 3720 880 3797 niat
920 3736 994 3795 et
1021 3719 1178 3796 sine
1222 3717 1380 3796 ullo
1411 3739 1754 3827 respectu
1795 3719 2059 3799 divinae
2093 3719 2390 3827 pietatis
2425 3721 2519 3817 ab
2554 3719 2702 3799 hoc
2740 3717 3008 3797 saeculo
3046 3718 3582 3798 discedentem.
3626 3688 4083 3821 B'P'Zfffiss'fw'

702 3852 1200 3958 *Quapropter
1232 3879 1370 3959 ego
1417 3851 1496 3928 in
1527 3851 1804 3930 Christi
1846 3852 2151 3930 nomine
2186 3850 2472 3960 Guigo²
2504 3869 2581 3930 et
2611 3880 2801 3929 uxor
2826 3880 2990 3929 mea
3024 3855 3169 3930 Ava
3190 3915 3205 3942 ,
3244 3849 3585 3930 ¹cedimus

813 4115 854 4147 ¹⁴
898 4117 994 4180 Sic
1045 4118 1153 4180 Ch.
1214 4131 1273 4181 et
1317 4119 1573 4204 Gangins
1620 4120 1683 4181 in
1746 4120 2085 4205 fragmentis
2326 4121 2366 4152 ¹²
2410 4121 2717 4186 Prudentia
2734 4122 2797 4186 G.

727 4219 1025 4284 Glossario
1054 4223 1285 4284 insertis
1312 4230 1371 4284 ν’
1401 4224 1665 4286 Vican'as.
1702 4224 1878 4286 Vestes
1894 4226 2085 4286 scissas
2323 4223 2367 4257 ¹⁸
2410 4221 2717 4289 Habuerint
2741 4228 2806 4288 B.
2831 4237 2891 4288 et
2917 4224 3028 4289 SG.

723 4323 791 4386 B.
825 4336 884 4386 et
906 4321 1020 4388 SG.
1064 4326 1213 4388 Veste
1235 4328 1401 4388 scissa
1427 4326 1494 4389 C.
2324 4327 2365 4359 ¹⁹
2408 4329 2507 4392 Sic
2529 4329 2594 4392 C.
2627 4341 2687 4392 et
2706 4328 2814 4390 Ch.
2848 4326 3064 4390 abierit
3084 4327 3150 4388 B.
3183 4339 3243 4388 et
3261 4327 3375 4390 SG.

812 4425 856 4458 ¹⁸
899 4427 997 4489 Sic
1024 4427 1286 4490 Galatea
1317 4441 1377 4490 nt
1405 4429 2083 4492 rector-Cheimerion«-
2318 4430 2364 4463 '⁰
2404 4432 2503 4494 Sic
2560 4430 2668 4496 Ch.
2723 4430 2956 4493 voluerit
3009 4431 3109 4500 B.,
3167 4428 3281 4493 SG.
3333 4442 3394 4492 et
3437 4431 3587 4493 Can·

725 4542 808 4592 tm
833 4529 1109 4615 Cangins.
1134 4531 1337 4596 Scissa:
1357 4544 1419 4612 qt
1440 4544 1606 4595 antea
1623 4534 1690 4595 B.
2233 4537 2383 4620 gius.

810 4631 851 4664 ¹⁸
896 4633 1014 4697 Sua
1037 4634 1201 4697 deest
1232 4635 1359 4698 SG.
2318 4636 2360 4668 '¹
2409 4638 2515 4700 Dei
2543 4660 2649 4722 pro
2677 4636 2770 4699 det
2788 4638 2855 4700 B.

811 4876 829 4908 ¹
873 4877 1022 4941 Vide
1047 4879 1290 4943 inferius
1310 4929 1324 4952 .
1369 4881 1434 4942 in
1463 4879 1661 4944 charta
1689 4902 1909 4945 ccum
1925 4930 1939 4952 ‚
1970 4883 2238 4946 notitiam
2264 4883 2590 4947 traditionis
2612 4882 2689 4946 de
2713 4883 2922 4946 eadem
2942 4884 3202 4947 ecclesia.

809 4979 831 5011 ¹
876 4981 1047 5067 Huqo
1074 4994 1128 5044 et
1153 4982 1352 5047 Awana
1374 4983 1487 5047 SG.
