4442 5769
1391 627 2026 702 MONASTERII
2088 627 2223 701 DE
2287 626 2919 702 BELLOLOCO.
3428 569 3566 700 22i

2027 1081 2278 1155 CLIX.

1694 1305 1912 1387 [Breve
1940 1302 2102 1387 quod
2129 1301 2269 1366 fecit
2295 1303 2654 1384 hunulfum]

858 1566 1348 1642 sacrosanctae
1386 1557 1704 1638 basilicae
1749 1558 1827 1637 S.
1868 1557 2066 1635 Petri
2106 1555 2610 1635 Bellilocensis
2659 1557 3003 1635 coenobii.
3054 1558 3211 1666 Ego
3263 1560 3466 1635 enim
3501 1560 3580 1635 in

746 1694 886 1771 Dei
917 1692 1226 1769 nomine
1256 1688 1648 1770 Rainulfus
1678 1688 2139 1767 consideravi
2175 1714 2516 1765 amorem
2545 1686 2864 1765 coelestis
2889 1687 3174 1794 patriae,
3210 1705 3287 1764 et
3316 1688 3411 1765 de
3440 1689 3581 1766 Dei

748 1820 1261 1901 misericordia
1298 1820 1720 1911 confidens,
1762 1819 1949 1897 cedo
1998 1846 2118 1896 res
2169 1817 2648 1924 proprietatis
2686 1845 2870 1895 meae
2909 1817 3006 1894 ad
3043 1819 3585 1896 monasterium

748 1954 958 2061 quod
995 1969 1296 2030 vocatur
1332 1948 1794 2029 Belluslocus
1832 1949 1913 2027 in
1952 1950 2320 2029 honorem
2357 1948 2499 2026 Dei
2539 1947 2887 2025 videlicet
2927 1964 3003 2025 et
3051 1948 3126 2027 S.
3169 1948 3367 2025 Petri
3402 1948 3587 2025 alio-

749 2108 1067 2187 rumque
1091 2096 1514 2158 sanctorum
1531 2139 1551 2169 ‚
1584 2079 1721 2158 ubi
1745 2079 1856 2156 vir
1886 2077 2326 2155 venerabilis
2352 2077 2773 2156 Bernardus
2797 2076 3021 2155 abhas
3043 2105 3358 2184 praeesse
3382 2080 3588 2157 vide·

750 2230 895 2301 tur,
937 2210 1126 2289 cedo
1158 2208 1407 2288 villam
1435 2237 1682 2288 meam
1720 2238 1886 2317 quae
1916 2225 2218 2288 vocatur
2255 2208 2373 2286 Ad
2410 2207 2541 2285 illa
2566 2208 2872 2298 Vernia,
2910 2237 3255 2287 mansum
3294 2209 3425 2287 ubi
3461 2212 3592 2288 Ra·

754 2340 1010 2419 dulfus
1034 2356 1315 2430 manet,
1346 2357 1422 2418 et
1442 2339 1675 2418 alium
1697 2367 2041 2420 mansum
2074 2339 2207 2417 ubi
2238 2339 2645 2417 Rainaldns
2671 2354 2955 2429 manet,
2987 2339 3218 2418 alium
3245 2367 3590 2420 mansum

750 2471 885 2548 uhi
936 2470 1335 2549 Costahilis
1382 2485 1663 2558 manet,
1729 2486 1804 2547 et
1853 2467 2085 2546 alium
2135 2468 2270 2546 ubi
2320 2456 2537 2547 Dado
2586 2485 2875 2561 manet,
2928 2488 3593 2579 quantumcunque

756 2601 853 2679 ad
891 2602 1095 2708 ipsos
1130 2629 1425 2678 mansos
1463 2599 1724 2706 aspicit
1767 2617 1897 2676 aut
1935 2599 2264 2706 aspicere
2322 2598 2643 2689 videtur,
2685 2617 2935 2678 totum
2974 2617 3049 2678 et
3086 2602 3183 2678 ad
3221 2602 3594 2710 integrum

757 2731 984 2824 ced03
1027 2760 1203 2809 cum
1234 2729 1499 2838 pratis,
1544 2728 1784 2819 silvis,
1822 2728 2135 2838 planis1‚
2184 2729 2514 2837 pascuis,
2556 2731 2827 2822 vineis,
2867 2748 3115 2810 totum
3158 2750 3233 2811 et
3269 2735 3367 2812 ad
3408 2736 3600 2813 inte-

757 2890 973 2970 grum
1012 2861 1108 2939 ad
1147 2860 1393 2970 ipsum
1429 2859 1684 2939 locum
1723 2858 1953 2949 cedo;
2016 2876 2092 2938 et
2149 2860 2227 2938 in
2282 2859 2423 2938 alia
2472 2859 2645 2939 villa
2697 2890 2861 2968 quae
2910 2878 3216 2940 vocatur
3265 2863 3593 2955 castras,

758 3020 1106 3073 mansum
1143 2990 1278 3071 uhi
1316 2990 1791 3069 Bonofredus
1827 2991 2027 3069 visus
2067 3007 2180 3068 est
2216 3018 2556 3078 manere,
2590 3019 2818 3096 quem
2848 2991 2943 3068 de
2969 2991 3382 3100 Gutburgis
3420 3024 3602 3072 con-

762 3123 1098 3229 quistavi.
1153 3122 1250 3197 Et
1304 3136 1480 3198 sunt
1532 3120 1706 3226 ipsae
1756 3147 1877 3197 res
1927 3122 2006 3197 in
2063 3120 2253 3198 urhe
2304 3120 2800 3212 Limovicino‚
2851 3121 2932 3197 in
2986 3121 3252 3199 vicaria
3297 3125 3604 3229 Spania-

762 3280 1003 3329 cense.
1022 3253 1203 3328 Haec
1231 3249 1483 3327 omnia
1523 3249 1872 3355 superius
1902 3250 2279 3329 nominata
2309 3250 2472 3328 Deo
2504 3249 2842 3328 salvatori
2871 3252 3224 3351 ,omnium
3252 3270 3327 3329 et
3354 3255 3430 3332 S.
3464 3254 3603 3331 Pe-

760 3399 880 3461 tro
912 3381 1150 3460 offero
1169 3442 1188 3471 ,
1222 3381 1301 3457 in
1327 3379 1723 3487 stipendiis
1744 3380 2323 3470 monachorum,
2356 3409 2442 3458 ea
2467 3380 2777 3485 quidem
2806 3381 3093 3459 ratione
3119 3399 3236 3476 ut,
3267 3385 3605 3490 quandiu

763 3512 1142 3607 advixero,
1205 3508 1756 3588 usufructuario
1816 3526 2144 3601 teneam,
2197 3528 2273 3589 et
2325 3512 2538 3589 annis
2587 3511 2932 3620 singulis,
2990 3513 3086 3590 ad
3133 3512 3605 3595 festivitatem

765 3643 843 3723 S.
896 3642 1126 3731 Petri,
1173 3640 1517 3719 denarios
1554 3659 1875 3748 quatuor
1919 3642 2016 3719 de
2057 3670 2286 3721 censu
2326 3643 2406 3719 in
2447 3671 2614 3721 cera
2649 3642 3096 3750 persolvam,
3139 3662 3310 3752 post
3352 3674 3607 3725 meum

765 3801 1068 3881 quoque
1099 3773 1488 3850 decessum
1506 3833 1525 3863 ,
1553 3788 1883 3851 rectores
1913 3773 2255 3881 ejusdem
2282 3773 2425 3851 loci
2450 3773 2528 3850 in
2556 3802 2765 3850 suam
2791 3792 3143 3852 revocent
3164 3793 3606 3882 potestatem

766 3903 978 3985 nullo
1022 3902 1599 3983 contradicente.
1626 3903 1740 3981 De
1772 3902 2353 4008 repetitionibus
2390 3931 2603 3991 vero,
2647 3905 2858 4015 quod
2895 3905 3205 3984 minime
3239 3908 3504 4007 credo,
3546 3911 3606 3999 si

772 4061 908 4141 ego
948 4034 1142 4140 ipse,
1179 4034 1572 4113 immutata
1610 4031 1987 4113 voluntate
2026 4061 2226 4123 mea,
2275 4050 2407 4111 aut
2444 4032 2649 4112 ullus
2687 4034 2781 4111 de
2825 4036 3231 4114 heredibus
3271 4038 3458 4114 meis
3495 4036 3610 4114 vel

771 4164 1241 4272 propinqui8‚
1285 4165 1415 4273 qui
1457 4180 1714 4243 contra
1750 4164 2162 4267 cessionem
2214 4164 2431 4243 istam
2483 4164 2714 4244 ullam
2762 4165 3208 4245 calumniam
3256 4194 3608 4275 generare

648 4316 659 4329 ·
773 4310 1078 4372 conatus
1113 4294 1378 4383 fuerit,
1412 4323 1565 4375 non
1603 4296 1670 4371 ei
1708 4294 1929 4374 liceat
1966 4294 2376 4387 vindicare,
2411 4297 2544 4374 sed
2589 4297 2899 4403 insuper
2927 4314 3328 4403 componat
3355 4298 3450 4375 ad
3489 4327 3612 4375 su-

774 4425 1193 4531 pradictum
1231 4425 1486 4506 locum
1517 4442 1809 4503 tantum
1842 4443 1917 4503 et
1948 4425 2153 4504 aliud
2200 4444 2492 4505 tantum
2531 4444 2898 4535 quantum
2937 4428 3110 4533 ipsae
3148 4455 3267 4505 res
3305 4428 3611 4537 ulloque

769 4572 1111 4662 tempore
1148 4556 1553 4636 melioratae
1587 4556 1959 4634 valuerint
1993 4573 2070 4634 et
2097 4558 2312 4664 quod
2343 4558 2531 4663 petit
2558 4568 2714 4636 n‘on
2739 4556 3098 4651 vindicet;
3130 4558 3265 4636 sed
3292 4588 3614 4665 praesens

773 4686 1007 4767 cessio
1039 4687 1176 4766 ista
1205 4685 1415 4764 firma
1449 4703 1526 4765 et
1550 4685 1835 4767 stabilis
1859 4704 2294 4792 permaneat
2320 4716 2501 4764 cum
2527 4686 3003 4795 stipulatione
3034 4688 3366 4767 subnixa.
3398 4692 3609 4769 Facta

863 4972 877 5002 ¹
931 4972 1138 5034 plantis
1166 4974 1280 5035 SG.

3717 1572 3824 1627 sui.
3847 1573 3973 1644 943.

3728 1778 3779 1820 B.
3801 1792 3845 1833 p.
3873 1791 3968 1832 ⁸⁷⁹·

3719 1851 3800 1895 SG.
3824 1866 3867 1907 p.
3893 1851 3988 1894 ¹56.

3728 1928 3776 1970 C.
3800 1942 3844 1983 p.
3869 1925 3967 1970 228.
