4442 5769
1426 649 2061 724 MONASTERII
2124 648 2258 721 DE
2321 646 2952 721 BELLOLOCO.
3473 645 3615 718 129

771 820 1007 926 ipsam
1045 814 1293 894 villam
1333 845 1503 896 cum
1557 815 1939 908 domibuS,
1982 815 2342 905 aedificiis,
2380 815 2597 893 terris
2647 813 2862 893 cultis
2911 827 2987 892 et
3033 813 3364 900 incultis,
3417 842 3619 921 quae-

772 949 928 1027 sitis
966 965 1040 1025 et
1077 947 1671 1054 adinquirendis,
1704 948 1934 1040 silviS,
1979 948 2436 1055 adjacentiis,
2481 963 2556 1024 et
2589 944 2940 1024 omnibus
2976 945 3072 1022 ad
3101 945 3335 1051 ipsam
3372 945 3617 1024 villam

773 1078 1329 1186 aspicientibus,
1372 1097 1450 1158 et
1494 1097 1865 1187 quantum
1903 1077 2271 1157 Rodulfus
2311 1076 2688 1185 quondam
2740 1077 2816 1152 in
2856 1076 3018 1184 ipso
3057 1074 3223 1153 loco
3272 1075 3347 1154 S.
3398 1076 3646 1155 Petro·

774 1208 1235 1289 condonavit.
1281 1210 1450 1287 Haec
1488 1210 1737 1288 omnia
1767 1209 2107 1316 superius
2134 1208 2517 1287 nominata
2549 1223 2791 1285 totum
2833 1224 2908 1285 et
2944 1204 3039 1282 ad
3067 1206 3435 1313 integrum
3458 1206 3616 1314 jam

774 1339 974 1416 dicto
1001 1337 1326 1418 Geraldo
1363 1339 1610 1431 trado,
1650 1358 1734 1418 ut
1770 1339 1985 1418 faciat
2023 1341 2287 1417 exinde
2328 1341 2518 1420 sicut
2558 1338 2651 1416 de
2691 1337 2836 1417 alio
2871 1338 3180 1445 proprio
3220 1336 3496 1416 alode³.
3529 1338 3621 1415 Et

775 1486 1027 1547 contra
1065 1468 1275 1547 dedit
1310 1469 1517 1547 idem
1552 1468 1917 1550 Geraldus
1965 1469 2296 1577 partibus
2340 1469 2415 1549 S.
2445 1469 2644 1546 Petri
2699 1487 2777 1547 et
2815 1467 3195 1546 Rainulfo‘²
3243 1468 3486 1547 abbati
3527 1468 3622 1546 ad

773 1598 1070 1680 alodem
1110 1602 1495 1708 proprium
1516 1661 1534 1690 ,
1577 1630 1669 1679 eo
1718 1602 1929 1709 quod
1975 1602 2132 1708 ipse
2177 1629 2266 1679 ex
2309 1599 2525 1705 alode
2566 1600 2643 1679 S.
2690 1600 2885 1678 Petri
2928 1627 2969 1676 e
3011 1617 3261 1677 contra
3294 1599 3622 1678 dedisset

775 1758 1114 1809 mansum
1140 1733 1273 1838 qui
1305 1749 1419 1810 est
1448 1732 1530 1810 in
1557 1760 1748 1841 pago
1778 1732 2183 1810 Katurcino
2209 1793 2227 1822 ‚
2267 1732 2344 1809 in
2376 1730 2560 1809 valle
2587 1730 2984 1823 Exidense,
3028 1731 3105 1806 in
3141 1729 3309 1808 loco
3346 1731 3477 1838 qui
3509 1729 3623 1808 di-

774 1860 970 1936 citur
1011 1861 1265 1939 Monte
1301 1861 1702 1940 Maximino
1724 1868 1773 1951 ⁵,
1815 1890 2155 1939 mansum
2200 1859 2334 1939 ubi
2389 1860 2884 1968 Aguiramnus
2921 1859 3121 1937 visus
3163 1877 3275 1937 est
3322 1887 3618 1938 manere

776 1984 946 2068 cuni
984 1991 1147 2098 ipso
1177 2020 1387 2071 servo
1409 2006 1482 2070 et
1511 2020 1740 2071 uxore
1771 2020 1901 2070 sua
1929 2020 2100 2070 cum
2124 1991 2281 2069 filia
2307 2020 2488 2083 una,
2531 1991 2776 2099 ipsum
2806 2018 3145 2068 mansum
3176 2018 3350 2069 cum
3378 1991 3614 2080 terris,

774 2118 1003 2209 silvis,
1036 2120 1296 2212 vineis,
1324 2121 1572 2228 pratis,
1614 2149 1785 2199 cum
1823 2121 1979 2228 ipsa
2015 2137 2211 2198 terra
2246 2148 2411 2227 quae
2453 2136 2562 2197 est
2602 2118 2720 2196 Ad
2749 2118 2877 2198 illa
2910 2118 3118 2196 Prata
3169 2147 3457 2198 necnon
3505 2119 3622 2198 Ad

776 2248 986 2328 illum
1024 2252 1369 2341 Fontem,
1407 2269 2095 2360 quantumcumque
2131 2250 2227 2328 ad
2255 2250 2508 2357 ipsum
2541 2278 2884 2328 mansum
2923 2250 3180 2357 aspicit
3217 2267 3294 2328 et
3331 2251 3409 2328 in
3441 2280 3624 2358 prae-

777 2381 969 2459 dicta
1013 2380 1195 2460 valle
1236 2382 1432 2461 visus
1476 2399 1587 2460 est
1631 2379 1906 2461 habere
1949 2380 2065 2458 vel
2107 2380 2490 2489 possidere
2508 2440 2526 2471 ,
2570 2382 2958 2488 quaesitum
2998 2380 3113 2458 vel
3154 2381 3361 2489 quod
3408 2382 3623 2460 adin-

775 2510 1229 2618 quirendum
1272 2529 1381 2591 est
1404 2574 1421 2603 ,
1462 2529 1705 2591 totum
1745 2530 1818 2590 et
1855 2512 1950 2590 ad
1988 2513 2362 2621 integrum
2385 2572 2403 2601 ,
2448 2511 2696 2589 eidem
2738 2511 2985 2590 abbati
3031 2511 3374 2591 Rainulfo
3415 2531 3488 2591 et
3527 2514 3624 2591 ad

777 2660 1116 2721 cunctam
1146 2643 1787 2750 congregationem
1821 2643 1898 2722 S.
1929 2643 2126 2721 Petri
2165 2642 2561 2751 praedictus
2596 2640 2960 2722 Geraldus
3000 2642 3372 2755 manibus!
3394 2643 3625 2722 tradi-

778 2773 928 2864 dit,
977 2790 1063 2851 ut
1107 2772 1376 2852 faciant
1413 2773 1680 2852 exinde
1720 2774 1813 2852 ab
1853 2774 2224 2853 hodierno
2275 2773 2399 2852 die
2439 2773 2631 2852 sicut
2670 2772 2766 2851 de
2816 2773 2979 2851 aliis
3025 2771 3251 2851 rebus
3306 2775 3381 2853 S.
3430 2775 3623 2853 Petri

778 2904 1138 3012 quicquid
1163 2904 1563 2993 voluerint,
1594 2905 1872 3014 absque
1902 2904 2132 2983 ullius
2161 2904 2492 2983 hominis
2510 2902 3118 2983 contradictione.
3148 2903 3433 2983 Placuit
3458 2907 3625 3013 qui-

780 3036 955 3115 dem
1004 3037 1226 3114 inseri
1244 3098 1262 3127 ,
1311 3054 1617 3145 propter
1663 3036 2208 3116 infestationem
2256 3035 2623 3113 malorum
2676 3033 3104 3125 hominum,
3151 3052 3264 3124 ut,
3319 3038 3380 3113 si
3428 3064 3623 3116 unus

779 3197 867 3244 ex
914 3166 1138 3246 nobis
1185 3185 1315 3245 aut
1339 3166 1490 3246 ulla
1530 3170 1866 3275 opposita
1903 3197 2252 3277 persona,
2296 3197 2461 3276 quae
2498 3183 2750 3245 contra
2797 3166 2932 3244 has
2975 3166 3619 3256 commutationes,

779 3325 961 3405 quas
988 3324 1126 3376 nos
1151 3317 1492 3405 prompta
1520 3298 1892 3377 voluntate
1919 3299 2381 3380 conscribere
2403 3297 2518 3377 vel
2546 3295 2933 3374 adfirmare
2973 3297 3389 3404 rogavimus
3412 3358 3430 3387 ,
3466 3325 3622 3374 am-

779 3427 1038 3507 bulare
1085 3447 1216 3507 aut
1259 3429 1488 3508 ullam
1537 3427 1983 3508 calumniam
2039 3458 2392 3541 generare
2447 3446 2764 3508 conatus·
2805 3425 3060 3519 fuerit,
3115 3429 3184 3505 ei
3240 3428 3360 3506 cui
3412 3428 3619 3528 litem

778 3558 1109 3637 intulerit
1148 3588 1295 3637 una
1329 3588 1502 3638 cum
1540 3559 1861 3638 sociante
1909 3560 2088 3639 fisco
2128 3562 2288 3638 auri
2334 3560 2559 3638 libras
2597 3559 2932 3668 quinque
2974 3558 3254 3667 argenti
3291 3559 3623 3666 pondere

781 3688 1046 3768 decem
1093 3707 1386 3769 coactus
1439 3690 1789 3781 exsolvat,
1853 3709 1929 3772 et
1986 3691 2193 3798 quod
2228 3692 2415 3798 petit
2450 3718 2603 3770 non
2640 3691 3006 3782 vindicett,
3056 3691 3189 3768 sed
3233 3707 3627 3798 praesentes

782 3819 1393 3900 commutationes
1440 3821 1594 3899 istae
1649 3822 1878 3899 firmae
1926 3839 2003 3900 et
2050 3821 2352 3900 stabiles
2398 3839 2876 3928 permaneant
2938 3849 3106 3899 cum
3160 3820 3627 3928 stipulatione

782 3952 1110 4032 subnixa.
1151 3955 1402 4030 Factas
1434 3951 1569 4029 has
1604 3953 2221 4031 commutationes
2260 3953 2339 4030 in
2375 3980 2628 4031 mense
2662 3950 3025 4044 octobris,
3074 3979 3268 4029 anno
3307 3952 3624 4058 septimo

780 4100 1128 4191 regnante
1165 4082 1490 4163 Oddone
1518 4111 1717 4191 rege.
1762 4083 1838 4162 S.
1877 4082 2182 4164 Geraldi
2223 4084 2352 4190 qui
2396 4084 2587 4162 hanc
2624 4068 3285 4164 commutationem
3319 4081 3483 4161 fieri
3513 4082 3626 4159 vel

783 4213 1156 4291 adfirmari
1201 4213 1504 4321 rogavit.
1554 4214 1632 4293 S.
1672 4214 2013 4293 Rainulfo
2061 4213 2351 4293 abbate.
2399 4214 2476 4295 S.
2514 4214 2970 4294 Aderberto⁶
2997 4214 3290 4292 vicario.
3350 4213 3426 4291 S.
3474 4211 3627 4291 Ge·
3727 4305 3733 4310 ,

782 4342 1015 4423 raldo.
1059 4345 1135 4440 S.
1176 4344 1558 4423 Deotimii.
1602 4344 1677 4422 S.
1723 4345 1987 4454 Ugoni.
2023 4346 2099 4423 S.
2133 4345 2447 4454 Rigaldi.
2488 4348 2564 4426 S.
2600 4345 3006 4424 Aimerici⁷.
3053 4343 3128 4422 S.
3173 4341 3620 4422 Guariberti.

787 4471 861 4551 S.
903 4473 1366 4555 Guinaberti.
1409 4475 1486 4553 S.
1530 4473 1866 4556 Garaldi⁸
1907 4476 1981 4554 S.
2017 4475 2398 4556 Bernardi.
2899 4519 2910 4528 -

868 4683 887 4714 ³
930 4683 1154 4748 Allodio
1173 4685 1289 4750 SG.
1315 4685 1399 4748 ibi
1426 4698 1486 4749 et
1512 4687 1745 4802 passim.
2369 4688 2390 4718 ⁸
2435 4686 2731 4749 Adatha-tc
2758 4686 2872 4750 SG.
2939 4675 2954 4688 ⁸

868 4786 887 4816 “
931 4787 1209 4872 Raunayb
1236 4787 1349 4851 SG.
1464 4859 1473 4866 ‚
2370 4788 2390 4820 ⁷
2432 4790 2694 4851 Aiunt-ici
2714 4789 2880 4851 deest
2902 4787 3012 4851 SG.

868 4888 887 4917 ⁸
932 4889 1119 4954 Monte
1151 4890 1404 4990 Maximo
1422 4892 1489 4954 B.
2368 4890 2388 4923 ⁸
2436 4891 2665 4955 Gmldi
2695 4892 2813 4957 SG.

3298 5180 3364 5236 ¹7

4187 5321 4194 5328 a

4117 5337 4132 5346 ..-

4047 5367 4082 5386 νη-.

3963 5649 3984 5660 '⁸⁴-
