4442 5769
913 590 1006 667 8'2
1912 586 2736 661 'CHARTULARIUM

911 763 1217 851 chaeiiS,
1264 788 1433 838 cum
1466 761 1682 836 terris
1716 758 1930 839 cultis
1961 776 2035 836 et
2062 756 2398 849 incultis,
2432 760 2695 849 vineiS,
2731 758 3193 866 adjacentiis,
3239 774 3313 835 et
3340 758 3436 834 ad
3475 786 3554 837 se
3596 787 3765 865 per-

906 893 1343 985 tinentibuS,
1374 894 1578 969 vinea
1598 909 1844 970 nostra
1861 891 2423 981 indominicata,
2457 892 2534 968 in
2559 892 2721 998 ipso
2742 891 2909 969 loco
2939 890 3390 979 adhaerente,
3418 908 3495 969 et
3513 893 3763 970 omnia

907 1054 1072 1133 quae
1111 1027 1189 1101 in
1232 1026 1388 1130 ipsa
1428 1022 1597 1101 villa
1646 1025 1777 1100 visi
1831 1053 2089 1101 sumus
2126 1023 2429 1100 habere.
2481 1022 2849 1101 Similiter
2896 1039 2971 1100 et
3016 1023 3096 1099 in
3148 1021 3295 1099 alio
3335 1022 3528 1112 loco,
3574 1040 3648 1100 et
3685 1024 3761 1100 in

910 1156 1176 1235 eodem
1236 1184 1458 1262 pago,
1511 1171 1585 1231 et
1632 1154 1709 1231 in
1759 1154 2017 1232 eadem
2066 1154 2364 1244 vicaria,
2428 1154 2506 1230 in
2555 1154 2722 1231 loco
2778 1153 2905 1261 qui
2960 1152 3235 1230 dicitur
3287 1153 3757 1242 VeziosacuS,

908 1315 1249 1364 mansum
1280 1286 1410 1363 ubi
1439 1284 1943 1363 Domofredus
1970 1286 2167 1364 visus
2204 1303 2316 1362 est
2347 1313 2676 1374 manere,
2713 1314 2882 1362 cum
2915 1283 3268 1364 omnibus
3294 1284 3390 1361 ad
3422 1312 3500 1360 se
3528 1286 3764 1392 perti-

910 1418 1299 1507 nentibuS,
1345 1434 1421 1494 et
1469 1418 1548 1493 in
1599 1417 1767 1493 villa
1815 1416 2233 1508 Concellas,
2285 1417 2575 1493 vineam
2639 1434 3003 1505 nostram,
3058 1444 3224 1522 quae
3278 1414 3508 1493 habet
3574 1417 3764 1492 fines

913 1549 1005 1626 de
1057 1550 1349 1627 duabus
1404 1548 1739 1655 partibus
1789 1549 1941 1627 vias
1999 1548 2373 1655 publicas,
2426 1546 2521 1624 de
2583 1547 2761 1625 alias
2819 1564 3068 1653 partes
3122 1563 3395 1624 terram
3448 1549 3762 1657 Bagam-

907 1680 1134 1758 baldi.
1165 1679 1545 1771 Similiter,
1589 1680 1669 1757 in
1710 1680 1872 1786 ipso
1899 1708 2123 1787 pago,
2172 1680 2695 1757 cundaminam
2740 1696 3065 1757 nostram
3107 1678 3758 1769 indominicatam,

908 1841 1072 1917 quae
1115 1811 1343 1889 habet
1380 1810 1566 1888 fines
1615 1811 1707 1887 de
1760 1811 2061 1889 duobus
2108 1811 2463 1888 lateribus
2511 1811 2662 1888 vias
2710 1810 3084 1917 publicas,
3129 1809 3223 1886 de
3263 1810 3487 1887 tertio
3533 1811 3763 1919 latere

906 1961 1177 2023 terram
1217 1941 1470 2032 Ictori,
1509 1943 1602 2018 de
1642 1960 1907 2049 quarto
1945 1971 2123 2021 vero
2162 1943 2392 2020 latere
2431 1959 2708 2019 terram
2748 1941 3261 2048 Ragambaldi.
3303 1941 3472 2018 Haec
3509 1943 3763 2019 omnia

908 2075 1253 2181 superius
1294 2075 1717 2164 nominata,
1760 2075 1923 2152 Deo
1965 2073 2301 2152 salvatori
2346 2076 2690 2152 omnium
2732 2091 2806 2150 et
2846 2073 2922 2151 S.
2967 2074 3189 2151 Petro
3222 2071 3642 2162 offerimus,
3688 2074 3763 2149 in

907 2205 1302 2311 stipendiis
1343 2223 1418 2284 et
1445 2205 1708 2284 usibus
1740 2205 2313 2294 monachorum,
2350 2223 2436 2283 ut
2467 2222 2640 2312 post
2667 2204 3124 2283 hodiernum
3156 2204 3358 2282 diem
3400 2203 3758 2292 habeant,

906 2352 1243 2425 teneant,
1286 2337 1742 2442 possideant,
1790 2355 1863 2415 et
1891 2337 2162 2416 faciant
2193 2339 2291 2416 de
2324 2337 2502 2443 ipsis
2529 2336 2760 2414 rebus
2796 2336 3143 2443 superius
3166 2334 3459 2441 scriptis
3485 2335 3563 2412 in
3607 2363 3766 2412 om-

909 2467 1131 2544 nibus
1165 2467 1533 2575 quicquid
1569 2469 1964 2547 voluerint.
2006 2470 2201 2548 Sane
2244 2469 2303 2546 si
2337 2470 2538 2576 quiS,
2577 2498 2713 2547 nos
2744 2469 2920 2575 ipsi,
2963 2469 3352 2544 immutata
3385 2466 3762 2545 voluntate

910 2616 1195 2688 nostra,
1246 2616 1373 2676 aut
1416 2598 1618 2677 ullus
1658 2602 1754 2677 de
1813 2600 2224 2679 heredibus
2273 2602 2578 2690 nostris,
2621 2602 2752 2708 qui
2803 2618 3056 2678 contra
3105 2601 3294 2678 hanc
3350 2600 3764 2678 cessionem

909 2728 1140 2806 ullam
1181 2729 1623 2807 calumniam
1669 2759 2021 2837 generare
2072 2733 2660 2839 praesumpserit,
2718 2730 3059 2838 inprimis
3110 2731 3296 2808 iram
3344 2732 3485 2809 Dei
3527 2731 3766 2809 omni-

911 2862 1238 2967 potentis
1270 2862 1592 2940 incurrat
1622 2879 1697 2940 et
1725 2863 1799 2941 S.
1837 2863 2031 2940 Petri
2052 2923 2070 2953 ,
2096 2880 2166 2941 et
2194 2862 2285 2941 ab
2318 2863 2672 2942 omnibus
2701 2862 3048 2941 Ecclesiae
3080 2861 3478 2941 liminibus
3496 2869 3517 2912 ¹
3543 2879 3766 2940 extra-

910 3022 1094 3070 neus
1136 2993 1296 3083 fiat,
1336 3012 1408 3070 et
1446 2996 1748 3100 insuper
1787 3013 2190 3100 componat
2224 3013 2510 3085 contra,
2547 2996 2666 3073 cui
2710 2995 2925 3073 litem
2967 2993 3307 3072 intulerit
3346 2994 3508 3071 auri
3538 2994 3764 3072 libras

912 3126 1125 3214 duas,
1170 3125 1451 3235 argenti
1488 3126 1821 3230 pondera
1856 3125 2031 3214 tria,
2077 3143 2371 3204 coactus
2413 3126 2764 3216 exsolvat,
2799 3145 2874 3204 et
2913 3155 3046 3205 sua
3078 3126 3427 3232 repetitio
3466 3124 3759 3202 nullum

912 3256 1244 3335 obtineat
1277 3255 1620 3332 effectum
1640 3316 1657 3344 ,
1701 3257 1829 3332 sed
1871 3284 2192 3362 praesens
2225 3258 2459 3336 cessio
2494 3259 2627 3337 ista
2659 3257 2878 3334 firma
2909 3273 2984 3334 et
3013 3256 3299 3336 stabilis
3333 3273 3761 3363 permaneat

911 3417 1079 3463 cum
1130 3385 1607 3491 stipulatione
1659 3385 1990 3465 subnixa.
2043 3389 2253 3465 Facta
2309 3406 2420 3466 est
2466 3390 2625 3466 haec
2674 3389 2908 3466 cessio
2959 3388 3038 3464 in
3087 3415 3346 3465 mense
3378 3386 3757 3496 januario,

911 3545 1107 3594 anno
1144 3544 1166 3591 1
1198 3532 1550 3624 regnante
1571 3516 2106 3630 Karlamando²
2136 3519 2318 3626 regi.
2355 3519 2429 3597 S.
2455 3517 2851 3627 Adalgarii.
2892 3519 2969 3597 S.
2997 3517 3258 3627 Aigae³‚
3292 3518 3545 3596 uxoris
3577 3546 3756 3608 suae,

910 3649 1040 3754 qui
1110 3647 1525 3725 cessionem
1604 3649 1818 3725 istam
1888 3649 2051 3726 fieri
2112 3649 2231 3728 vel
2292 3648 2684 3728 adfirmare
2750 3666 3216 3757 rogaverunt.
3282 3649 3359 3725 S.
3431 3646 3757 3726 Rodulfi.

912 3779 986 3856 S.
1032 3777 1320 3855 Unaldi.
1354 3781 1428 3858 S.
1474 3781 1856 3858 Bernardi.
1901 3781 1975 3859 S.
2020 3780 2325 3859 Celsini.
2370 3781 2447 3860 S.
2491 3780 2706 3860 Aviti.
2747 3782 2825 3860 S.
2863 3780 3244 3858 Doctirici.
3280 3782 3358 3860 S.
3395 3779 3580 3856 item
3616 3781 3762 3856 Ro-

910 3907 1122 3985 dulfi.
1179 3910 1256 3988 S.
1320 3910 1862 3990 Archambaldi.
1926 3912 2003 3990 S.
2064 3911 2445 3990 Andraldi.
2516 3913 2589 3991 S.
2646 3911 3029 3991 Rainulfiss.
3088 3912 3164 3991 S.
3223 3908 3751 4017 Ermengaudi.

911 4039 987 4117 S.
1030 4040 1375 4121 Andrei⁵.

995 4280 1009 4310 ¹
1053 4281 1354 4345 Liminibus
1370 4284 1532 4345 deest
1550 4285 1618 4345 B.
2497 4285 2515 4314 ³
2559 4284 2764 4370 quna
2783 4305 2962 4350 uxore
2982 4307 3080 4347 saa
3109 4283 3222 4347 SG.

992 4384 1010 4412 ²
1059 4386 1277 4448 Catulo.
1293 4388 1428 4448 Post
1443 4386 1606 4470 quod
1625 4406 1843 4447 nomen
1859 4386 2021 4447 locus
2040 4409 2255 4449 vacuus
2495 4386 2513 4417 ⁴
2558 4387 2827 4472 Raynulfi
2845 4389 2910 4450 Β.

907 4487 1139 4550 relictus
1178 4502 1280 4552 est.
1323 4490 1435 4553 SG.
1479 4488 1906 4552 Carlomannus
1951 4491 2010 4551 in
2053 4513 2253 4554 mense
2495 4491 2512 4520 ⁶
2557 4489 2786 4553 Androei
2806 4490 2871 4553 B.

904 4591 1073 4676 aprili
1105 4595 1241 4654 anni
1263 4596 1385 4678 879
1417 4614 1658 4676 regnare
1681 4594 1869 4677 coepit.
