<?xml version="1.0" encoding="UTF-8"?>
<!DOCTYPE html PUBLIC "-//W3C//DTD XHTML 1.0 Transitional//EN"
    "http://www.w3.org/TR/xhtml1/DTD/xhtml1-transitional.dtd">
<html xmlns="http://www.w3.org/1999/xhtml" xml:lang="en" lang="en">
 <head>
  <title>
</title>
<meta http-equiv="Content-Type" content="text/html;charset=utf-8" />
  <meta name='ocr-system' content='tesseract 3.04.00' />
  <meta name='ocr-capabilities' content='ocr_page ocr_carea ocr_par ocr_line ocrx_word'/>
</head>
<body>
  <div class='ocr_page' id='page_1' title='image "./cartulairedelab09abbegoog_0556.png"; bbox 0 0 4442 5769; ppageno 0'>
   <div class='ocr_carea' id='block_1_1' title="bbox 949 541 2766 623">
    <p class='ocr_par' dir='ltr' id='par_1_1' title="bbox 949 541 2766 623">
     <span class='ocr_line' id='line_1_1' title="bbox 949 541 2766 623; baseline -0.001 -3"><span class='ocrx_word' id='word_1_1' title='bbox 949 550 1105 623; x_wconf 74' lang='lat'>236</span> <span class='ocrx_word' id='word_1_2' title='bbox 1504 593 1512 600; x_wconf 37' lang='grc' dir='ltr'><strong>ι</strong></span> <span class='ocrx_word' id='word_1_3' title='bbox 1956 541 2766 617; x_wconf 87' lang='lat' dir='ltr'><strong>CHARTULARIUM</strong></span> 
     </span>
    </p>
   </div>
   <div class='ocr_carea' id='block_1_2' title="bbox 848 713 3785 4451">
    <p class='ocr_par' dir='ltr' id='par_1_2' title="bbox 848 713 3785 4451">
     <span class='ocr_line' id='line_1_2' title="bbox 944 713 3785 822; baseline 0 -28"><span class='ocrx_word' id='word_1_4' title='bbox 944 718 1187 794; x_wconf 88' lang='lat' dir='ltr'>veniat</span> <span class='ocrx_word' id='word_1_5' title='bbox 1225 746 1307 793; x_wconf 89' lang='lat' dir='ltr'>ac</span> <span class='ocrx_word' id='word_1_6' title='bbox 1345 717 1506 794; x_wconf 88' lang='lat' dir='ltr'>sine</span> <span class='ocrx_word' id='word_1_7' title='bbox 1548 715 1699 794; x_wconf 80' lang='lat' dir='ltr'>ullo</span> <span class='ocrx_word' id='word_1_8' title='bbox 1740 731 2082 822; x_wconf 88' lang='lat' dir='ltr'>respectu</span> <span class='ocrx_word' id='word_1_9' title='bbox 2122 714 2384 790; x_wconf 84' lang='lat' dir='ltr'>divinae</span> <span class='ocrx_word' id='word_1_10' title='bbox 2422 714 2717 821; x_wconf 84' lang='lat' dir='ltr'>pietatis</span> <span class='ocrx_word' id='word_1_11' title='bbox 2754 713 2847 790; x_wconf 84' lang='lat' dir='ltr'>ab</span> <span class='ocrx_word' id='word_1_12' title='bbox 2888 713 3031 791; x_wconf 89' lang='lat' dir='ltr'>hoc</span> <span class='ocrx_word' id='word_1_13' title='bbox 3079 715 3349 791; x_wconf 81' lang='lat' dir='ltr'>saeculo</span> <span class='ocrx_word' id='word_1_14' title='bbox 3390 716 3785 794; x_wconf 88' lang='lat' dir='ltr'>disceden-</span> 
     </span>
     <span class='ocr_line' id='line_1_3' title="bbox 942 843 3784 954; baseline -0 -29"><span class='ocrx_word' id='word_1_15' title='bbox 942 864 1120 925; x_wconf 86' lang='lat' dir='ltr'><strong>tem.</strong></span> <span class='ocrx_word' id='word_1_16' title='bbox 1166 849 1663 954; x_wconf 83' lang='lat' dir='ltr'>Quapropter,</span> <span class='ocrx_word' id='word_1_17' title='bbox 1710 875 1847 953; x_wconf 84' lang='lat' dir='ltr'>ego</span> <span class='ocrx_word' id='word_1_18' title='bbox 1891 846 1972 922; x_wconf 91' lang='lat' dir='ltr'>in</span> <span class='ocrx_word' id='word_1_19' title='bbox 2017 845 2156 924; x_wconf 91' lang='lat' dir='ltr'>Dei</span> <span class='ocrx_word' id='word_1_20' title='bbox 2203 845 2512 922; x_wconf 90' lang='lat' dir='ltr'>nomine</span> <span class='ocrx_word' id='word_1_21' title='bbox 2552 843 3001 924; x_wconf 84' lang='lat' dir='ltr'>Gotafredus</span> <span class='ocrx_word' id='word_1_22' title='bbox 3043 844 3499 922; x_wconf 83' lang='lat' dir='ltr'><strong>consideravi</strong></span> <span class='ocrx_word' id='word_1_23' title='bbox 3533 874 3784 924; x_wconf 89' lang='lat' dir='ltr'>casum</span> 
     </span>
     <span class='ocr_line' id='line_1_4' title="bbox 938 973 3782 1089; baseline 0 -35"><span class='ocrx_word' id='word_1_24' title='bbox 938 978 1353 1089; x_wconf 80' lang='lat' dir='ltr'>fragilitatis</span> <span class='ocrx_word' id='word_1_25' title='bbox 1392 976 1673 1064; x_wconf 63' lang='lat' dir='ltr'>saeculi,</span> <span class='ocrx_word' id='word_1_26' title='bbox 1718 992 1795 1054; x_wconf 88' lang='lat' dir='ltr'>et</span> <span class='ocrx_word' id='word_1_27' title='bbox 1833 976 1928 1053; x_wconf 92' lang='lat' dir='ltr'>de</span> <span class='ocrx_word' id='word_1_28' title='bbox 1968 976 2109 1054; x_wconf 88' lang='lat' dir='ltr'>Dei</span> <span class='ocrx_word' id='word_1_29' title='bbox 2150 975 2661 1053; x_wconf 83' lang='lat' dir='ltr'>misericordia</span> <span class='ocrx_word' id='word_1_30' title='bbox 2715 973 3141 1063; x_wconf 86' lang='lat' dir='ltr'>confidens,</span> <span class='ocrx_word' id='word_1_31' title='bbox 3199 975 3390 1053; x_wconf 92' lang='lat' dir='ltr'>cedo</span> <span class='ocrx_word' id='word_1_32' title='bbox 3434 1005 3556 1054; x_wconf 89' lang='lat' dir='ltr'>res</span> <span class='ocrx_word' id='word_1_33' title='bbox 3597 1005 3782 1054; x_wconf 88' lang='lat' dir='ltr'>meae</span> 
     </span>
     <span class='ocr_line' id='line_1_5' title="bbox 936 1104 3781 1215; baseline 0 -31"><span class='ocrx_word' id='word_1_34' title='bbox 936 1109 1409 1215; x_wconf 81' lang='lat' dir='ltr'>proprietatis</span> <span class='ocrx_word' id='word_1_35' title='bbox 1447 1108 1545 1184; x_wconf 90' lang='lat' dir='ltr'>ad</span> <span class='ocrx_word' id='word_1_36' title='bbox 1582 1108 2117 1186; x_wconf 87' lang='lat' dir='ltr'>monasterium</span> <span class='ocrx_word' id='word_1_37' title='bbox 2157 1104 2364 1211; x_wconf 89' lang='lat' dir='ltr'>quod</span> <span class='ocrx_word' id='word_1_38' title='bbox 2400 1121 2704 1182; x_wconf 80' lang='lat' dir='ltr'>vocatur</span> <span class='ocrx_word' id='word_1_39' title='bbox 2740 1104 3238 1195; x_wconf 88' lang='lat' dir='ltr'>Belluslocus‚</span> <span class='ocrx_word' id='word_1_40' title='bbox 3290 1106 3370 1181; x_wconf 92' lang='lat' dir='ltr'>in</span> <span class='ocrx_word' id='word_1_41' title='bbox 3413 1106 3781 1186; x_wconf 84' lang='lat' dir='ltr'>honorem</span> 
     </span>
     <span class='ocr_line' id='line_1_6' title="bbox 936 1234 3783 1338; baseline -0 -22"><span class='ocrx_word' id='word_1_42' title='bbox 936 1238 1283 1316; x_wconf 89' lang='lat' dir='ltr'>videlicet</span> <span class='ocrx_word' id='word_1_43' title='bbox 1310 1239 1386 1317; x_wconf 89' lang='lat' dir='ltr'>S.</span> <span class='ocrx_word' id='word_1_44' title='bbox 1427 1238 1626 1316; x_wconf 85' lang='lat' dir='ltr'>Petri</span> <span class='ocrx_word' id='word_1_45' title='bbox 1658 1254 1734 1338; x_wconf 79' lang='lat' dir='ltr'>et</span> <span class='ocrx_word' id='word_1_46' title='bbox 1763 1238 1838 1315; x_wconf 90' lang='lat' dir='ltr'>S.</span> <span class='ocrx_word' id='word_1_47' title='bbox 1869 1236 2269 1316; x_wconf 81' lang='lat' dir='ltr'>Felicitatis</span> <span class='ocrx_word' id='word_1_48' title='bbox 2299 1252 2375 1313; x_wconf 89' lang='lat' dir='ltr'>et</span> <span class='ocrx_word' id='word_1_49' title='bbox 2413 1234 2731 1314; x_wconf 87' lang='lat' dir='ltr'>aliorum</span> <span class='ocrx_word' id='word_1_50' title='bbox 2770 1255 3225 1326; x_wconf 84' lang='lat' dir='ltr'>sanctorum,</span> <span class='ocrx_word' id='word_1_51' title='bbox 3261 1235 3389 1313; x_wconf 82' lang='lat' dir='ltr'>ubi</span> <span class='ocrx_word' id='word_1_52' title='bbox 3424 1236 3531 1313; x_wconf 89' lang='lat' dir='ltr'>vir</span> <span class='ocrx_word' id='word_1_53' title='bbox 3563 1265 3783 1316; x_wconf 87' lang='lat' dir='ltr'>vene-</span> 
     </span>
     <span class='ocr_line' id='line_1_7' title="bbox 936 1365 3778 1473; baseline 0 -27"><span class='ocrx_word' id='word_1_54' title='bbox 936 1368 1192 1448; x_wconf 88' lang='lat' dir='ltr'>rabilis</span> <span class='ocrx_word' id='word_1_55' title='bbox 1243 1367 1662 1448; x_wconf 82' lang='lat' dir='ltr'>Gairulfus¹</span> <span class='ocrx_word' id='word_1_56' title='bbox 1716 1368 1941 1444; x_wconf 88' lang='lat' dir='ltr'>abbas</span> <span class='ocrx_word' id='word_1_57' title='bbox 1991 1395 2300 1473; x_wconf 83' lang='lat' dir='ltr'>praeesse</span> <span class='ocrx_word' id='word_1_58' title='bbox 2351 1366 2644 1444; x_wconf 87' lang='lat' dir='ltr'>videtur</span> <span class='ocrx_word' id='word_1_59' title='bbox 2686 1398 2702 1443; x_wconf 90' lang='lat'>:</span> <span class='ocrx_word' id='word_1_60' title='bbox 2753 1366 2899 1445; x_wconf 91' lang='lat' dir='ltr'>hoc</span> <span class='ocrx_word' id='word_1_61' title='bbox 2948 1385 3057 1445; x_wconf 89' lang='lat' dir='ltr'>est</span> <span class='ocrx_word' id='word_1_62' title='bbox 3105 1365 3486 1444; x_wconf 87' lang='lat' dir='ltr'>ecclesiam</span> <span class='ocrx_word' id='word_1_63' title='bbox 3533 1396 3778 1446; x_wconf 84' lang='lat' dir='ltr'>meam</span> 
     </span>
     <span class='ocr_line' id='line_1_8' title="bbox 848 1497 3778 1608; baseline 0.001 -32"><span class='ocrx_word' id='word_1_64' title='bbox 848 1595 855 1600; x_wconf 37' lang='grc'>-</span> <span class='ocrx_word' id='word_1_65' title='bbox 935 1530 1098 1608; x_wconf 86' lang='lat' dir='ltr'>quae</span> <span class='ocrx_word' id='word_1_66' title='bbox 1152 1517 1263 1577; x_wconf 85' lang='lat' dir='ltr'>est</span> <span class='ocrx_word' id='word_1_67' title='bbox 1308 1501 1385 1576; x_wconf 93' lang='lat' dir='ltr'>in</span> <span class='ocrx_word' id='word_1_68' title='bbox 1423 1527 1614 1607; x_wconf 84' lang='lat' dir='ltr'>pago</span> <span class='ocrx_word' id='word_1_69' title='bbox 1661 1499 2090 1588; x_wconf 81' lang='lat' dir='ltr'>Caturcino,</span> <span class='ocrx_word' id='word_1_70' title='bbox 2127 1498 2207 1574; x_wconf 93' lang='lat' dir='ltr'>in</span> <span class='ocrx_word' id='word_1_71' title='bbox 2255 1498 2517 1575; x_wconf 84' lang='lat' dir='ltr'>vicaria</span> <span class='ocrx_word' id='word_1_72' title='bbox 2556 1497 3050 1587; x_wconf 85' lang='lat' dir='ltr'>Casliacense,</span> <span class='ocrx_word' id='word_1_73' title='bbox 3100 1527 3264 1605; x_wconf 80' lang='lat' dir='ltr'>quae</span> <span class='ocrx_word' id='word_1_74' title='bbox 3315 1516 3428 1576; x_wconf 87' lang='lat' dir='ltr'>est</span> <span class='ocrx_word' id='word_1_75' title='bbox 3470 1497 3778 1578; x_wconf 87' lang='lat' dir='ltr'>fundata</span> 
     </span>
     <span class='ocr_line' id='line_1_9' title="bbox 934 1615 3772 1736; baseline -0 -30"><span class='ocrx_word' id='word_1_76' title='bbox 934 1632 1012 1707; x_wconf 94' lang='lat' dir='ltr'>in</span> <span class='ocrx_word' id='word_1_77' title='bbox 1053 1631 1423 1710; x_wconf 84' lang='lat' dir='ltr'>honorem</span> <span class='ocrx_word' id='word_1_78' title='bbox 1482 1631 1558 1709; x_wconf 90' lang='lat' dir='ltr'>S.</span> <span class='ocrx_word' id='word_1_79' title='bbox 1609 1630 1841 1723; x_wconf 89' lang='lat' dir='ltr'>Petri,</span> <span class='ocrx_word' id='word_1_80' title='bbox 1908 1659 2041 1707; x_wconf 89' lang='lat' dir='ltr'>seu</span> <span class='ocrx_word' id='word_1_81' title='bbox 2092 1656 2388 1706; x_wconf 83' lang='lat' dir='ltr'>mansos</span> <span class='ocrx_word' id='word_1_82' title='bbox 2435 1657 2646 1706; x_wconf 91' lang='lat' dir='ltr'>meos</span> <span class='ocrx_word' id='word_1_83' title='bbox 2689 1629 2821 1736; x_wconf 84' lang='lat' dir='ltr'>qui</span> <span class='ocrx_word' id='word_1_84' title='bbox 2877 1625 2982 1706; x_wconf 85' lang='lat' dir='ltr'>ibi</span> <span class='ocrx_word' id='word_1_85' title='bbox 3031 1645 3202 1706; x_wconf 90' lang='lat' dir='ltr'>sunt</span> <span class='ocrx_word' id='word_1_86' title='bbox 3249 1615 3712 1707; x_wconf 65' lang='lat' dir='ltr'>adhaerentes</span> <span class='ocrx_word' id='word_1_87' title='bbox 3755 1663 3772 1705; x_wconf 76' lang='lat' dir='ltr'><em>z</em></span> 
     </span>
     <span class='ocr_line' id='line_1_10' title="bbox 933 1759 3776 1849; baseline -0 -13"><span class='ocrx_word' id='word_1_88' title='bbox 933 1791 1269 1839; x_wconf 89' lang='lat' dir='ltr'>mansum</span> <span class='ocrx_word' id='word_1_89' title='bbox 1308 1762 1439 1839; x_wconf 91' lang='lat' dir='ltr'>ubi</span> <span class='ocrx_word' id='word_1_90' title='bbox 1469 1760 2090 1839; x_wconf 73' lang='lat' dir='ltr'>Archambertus2</span> <span class='ocrx_word' id='word_1_91' title='bbox 2125 1761 2323 1836; x_wconf 89' lang='lat' dir='ltr'>visus</span> <span class='ocrx_word' id='word_1_92' title='bbox 2357 1759 2499 1837; x_wconf 85' lang='lat' dir='ltr'>fuit</span> <span class='ocrx_word' id='word_1_93' title='bbox 2537 1787 2875 1849; x_wconf 86' lang='lat' dir='ltr'>manere,</span> <span class='ocrx_word' id='word_1_94' title='bbox 2912 1777 2988 1836; x_wconf 90' lang='lat' dir='ltr'>et</span> <span class='ocrx_word' id='word_1_95' title='bbox 3014 1759 3243 1837; x_wconf 88' lang='lat' dir='ltr'>alium</span> <span class='ocrx_word' id='word_1_96' title='bbox 3274 1787 3612 1835; x_wconf 88' lang='lat' dir='ltr'>mansum</span> <span class='ocrx_word' id='word_1_97' title='bbox 3643 1761 3776 1838; x_wconf 85' lang='lat' dir='ltr'>ubi</span> 
     </span>
     <span class='ocr_line' id='line_1_11' title="bbox 930 1888 3778 2000; baseline -0.001 -31"><span class='ocrx_word' id='word_1_98' title='bbox 930 1892 1359 2000; x_wconf 80' lang='lat' dir='ltr'>Aigfredus⁸</span> <span class='ocrx_word' id='word_1_99' title='bbox 1397 1893 1594 1970; x_wconf 84' lang='lat' dir='ltr'>visus</span> <span class='ocrx_word' id='word_1_100' title='bbox 1633 1891 1774 1968; x_wconf 83' lang='lat' dir='ltr'>fuit</span> <span class='ocrx_word' id='word_1_101' title='bbox 1806 1918 2143 1979; x_wconf 88' lang='lat' dir='ltr'>manere,</span> <span class='ocrx_word' id='word_1_102' title='bbox 2179 1894 2563 1968; x_wconf 57' lang='lat' dir='ltr'>mansum*</span> <span class='ocrx_word' id='word_1_103' title='bbox 2585 1890 2718 1968; x_wconf 91' lang='lat' dir='ltr'>ubi</span> <span class='ocrx_word' id='word_1_104' title='bbox 2749 1888 3194 1968; x_wconf 86' lang='lat' dir='ltr'>Leotfredus</span> <span class='ocrx_word' id='word_1_105' title='bbox 3228 1889 3426 1967; x_wconf 85' lang='lat' dir='ltr'>visus</span> <span class='ocrx_word' id='word_1_106' title='bbox 3454 1889 3594 1967; x_wconf 86' lang='lat' dir='ltr'>fuit</span> <span class='ocrx_word' id='word_1_107' title='bbox 3624 1919 3778 1966; x_wconf 85' lang='lat' dir='ltr'>ma-</span> 
     </span>
     <span class='ocr_line' id='line_1_12' title="bbox 927 2018 3774 2112; baseline -0.001 -13"><span class='ocrx_word' id='word_1_108' title='bbox 927 2050 1138 2112; x_wconf 90' lang='lat' dir='ltr'>nere,</span> <span class='ocrx_word' id='word_1_109' title='bbox 1177 2051 1512 2101; x_wconf 87' lang='lat' dir='ltr'>mansum</span> <span class='ocrx_word' id='word_1_110' title='bbox 1547 2021 1680 2100; x_wconf 91' lang='lat' dir='ltr'>ubi</span> <span class='ocrx_word' id='word_1_111' title='bbox 1715 2022 2077 2100; x_wconf 88' lang='lat' dir='ltr'>Martinus</span> <span class='ocrx_word' id='word_1_112' title='bbox 2113 2020 2311 2098; x_wconf 84' lang='lat' dir='ltr'>visus</span> <span class='ocrx_word' id='word_1_113' title='bbox 2353 2019 2496 2098; x_wconf 84' lang='lat' dir='ltr'>fuit</span> <span class='ocrx_word' id='word_1_114' title='bbox 2529 2047 2864 2109; x_wconf 85' lang='lat' dir='ltr'>manere,</span> <span class='ocrx_word' id='word_1_115' title='bbox 2900 2048 3236 2098; x_wconf 88' lang='lat' dir='ltr'>mansum</span> <span class='ocrx_word' id='word_1_116' title='bbox 3275 2020 3408 2098; x_wconf 89' lang='lat' dir='ltr'>ubi</span> <span class='ocrx_word' id='word_1_117' title='bbox 3443 2018 3774 2099; x_wconf 86' lang='lat' dir='ltr'>Gisram-</span> 
     </span>
     <span class='ocr_line' id='line_1_13' title="bbox 928 2148 3768 2240; baseline -0.001 -10"><span class='ocrx_word' id='word_1_118' title='bbox 928 2183 1071 2232; x_wconf 90' lang='lat' dir='ltr'>nus</span> <span class='ocrx_word' id='word_1_119' title='bbox 1115 2155 1309 2232; x_wconf 87' lang='lat' dir='ltr'>visus</span> <span class='ocrx_word' id='word_1_120' title='bbox 1353 2153 1496 2231; x_wconf 77' lang='lat' dir='ltr'>fuit</span> <span class='ocrx_word' id='word_1_121' title='bbox 1543 2180 1876 2240; x_wconf 84' lang='lat' dir='ltr'>manere,</span> <span class='ocrx_word' id='word_1_122' title='bbox 1921 2179 2260 2229; x_wconf 86' lang='lat' dir='ltr'>mansum</span> <span class='ocrx_word' id='word_1_123' title='bbox 2302 2150 2434 2228; x_wconf 86' lang='lat' dir='ltr'>ubi</span> <span class='ocrx_word' id='word_1_124' title='bbox 2482 2151 2970 2228; x_wconf 82' lang='lat' dir='ltr'>Ermenteus⁵</span> <span class='ocrx_word' id='word_1_125' title='bbox 3007 2151 3205 2228; x_wconf 89' lang='lat' dir='ltr'>visus</span> <span class='ocrx_word' id='word_1_126' title='bbox 3255 2148 3393 2227; x_wconf 83' lang='lat' dir='ltr'>fuit</span> <span class='ocrx_word' id='word_1_127' title='bbox 3435 2178 3768 2240; x_wconf 88' lang='lat' dir='ltr'>manere,</span> 
     </span>
     <span class='ocr_line' id='line_1_14' title="bbox 928 2281 3764 2389; baseline 0 -28"><span class='ocrx_word' id='word_1_128' title='bbox 928 2311 1265 2363; x_wconf 86' lang='lat' dir='ltr'>mansum</span> <span class='ocrx_word' id='word_1_129' title='bbox 1310 2284 1442 2361; x_wconf 80' lang='lat' dir='ltr'>ubi</span> <span class='ocrx_word' id='word_1_130' title='bbox 1484 2285 1639 2362; x_wconf 90' lang='lat' dir='ltr'>Leo</span> <span class='ocrx_word' id='word_1_131' title='bbox 1678 2284 1877 2360; x_wconf 87' lang='lat' dir='ltr'>visus</span> <span class='ocrx_word' id='word_1_132' title='bbox 1918 2281 2061 2359; x_wconf 87' lang='lat' dir='ltr'>fuit</span> <span class='ocrx_word' id='word_1_133' title='bbox 2107 2311 2429 2359; x_wconf 90' lang='lat' dir='ltr'>manere.</span> <span class='ocrx_word' id='word_1_134' title='bbox 2473 2283 2640 2359; x_wconf 83' lang='lat' dir='ltr'>Haec</span> <span class='ocrx_word' id='word_1_135' title='bbox 2676 2283 2925 2361; x_wconf 90' lang='lat' dir='ltr'>omnia</span> <span class='ocrx_word' id='word_1_136' title='bbox 2968 2283 3310 2389; x_wconf 78' lang='lat' dir='ltr'>superius</span> <span class='ocrx_word' id='word_1_137' title='bbox 3357 2284 3764 2370; x_wconf 84' lang='lat' dir='ltr'>nominata,</span> 
     </span>
     <span class='ocr_line' id='line_1_15' title="bbox 927 2413 3769 2521; baseline 0 -30"><span class='ocrx_word' id='word_1_138' title='bbox 927 2443 1100 2492; x_wconf 85' lang='lat' dir='ltr'>cum</span> <span class='ocrx_word' id='word_1_139' title='bbox 1141 2414 1494 2492; x_wconf 88' lang='lat' dir='ltr'>omnibus</span> <span class='ocrx_word' id='word_1_140' title='bbox 1535 2416 1632 2492; x_wconf 97' lang='lat' dir='ltr'>ad</span> <span class='ocrx_word' id='word_1_141' title='bbox 1667 2443 1747 2491; x_wconf 91' lang='lat' dir='ltr'>se</span> <span class='ocrx_word' id='word_1_142' title='bbox 1787 2413 2372 2521; x_wconf 88' lang='lat' dir='ltr'>pertinentibus,</span> <span class='ocrx_word' id='word_1_143' title='bbox 2416 2413 2531 2490; x_wconf 89' lang='lat' dir='ltr'>vel</span> <span class='ocrx_word' id='word_1_144' title='bbox 2573 2430 3262 2519; x_wconf 84' lang='lat' dir='ltr'>quantumcumque</span> <span class='ocrx_word' id='word_1_145' title='bbox 3300 2413 3378 2488; x_wconf 91' lang='lat' dir='ltr'>in</span> <span class='ocrx_word' id='word_1_146' title='bbox 3409 2414 3572 2520; x_wconf 90' lang='lat' dir='ltr'>ipso</span> <span class='ocrx_word' id='word_1_147' title='bbox 3600 2413 3769 2491; x_wconf 86' lang='lat' dir='ltr'>loco</span> 
     </span>
     <span class='ocr_line' id='line_1_16' title="bbox 926 2542 3768 2651; baseline 0 -31"><span class='ocrx_word' id='word_1_148' title='bbox 926 2545 1125 2622; x_wconf 88' lang='lat' dir='ltr'>visus</span> <span class='ocrx_word' id='word_1_149' title='bbox 1190 2573 1355 2621; x_wconf 90' lang='lat' dir='ltr'>sum</span> <span class='ocrx_word' id='word_1_150' title='bbox 1419 2543 1695 2621; x_wconf 83' lang='lat' dir='ltr'>habere</span> <span class='ocrx_word' id='word_1_151' title='bbox 1751 2543 1863 2621; x_wconf 87' lang='lat' dir='ltr'>vel</span> <span class='ocrx_word' id='word_1_152' title='bbox 1914 2542 2331 2649; x_wconf 86' lang='lat' dir='ltr'>possidere,</span> <span class='ocrx_word' id='word_1_153' title='bbox 2393 2571 2528 2650; x_wconf 90' lang='lat' dir='ltr'>pro</span> <span class='ocrx_word' id='word_1_154' title='bbox 2577 2542 2920 2621; x_wconf 91' lang='lat' dir='ltr'>remedio</span> <span class='ocrx_word' id='word_1_155' title='bbox 2971 2544 3234 2620; x_wconf 86' lang='lat' dir='ltr'>animae</span> <span class='ocrx_word' id='word_1_156' title='bbox 3282 2572 3463 2621; x_wconf 83' lang='lat' dir='ltr'>meae</span> <span class='ocrx_word' id='word_1_157' title='bbox 3514 2560 3589 2622; x_wconf 89' lang='lat' dir='ltr'>et</span> <span class='ocrx_word' id='word_1_158' title='bbox 3631 2573 3768 2651; x_wconf 91' lang='lat' dir='ltr'>pro</span> 
     </span>
     <span class='ocr_line' id='line_1_17' title="bbox 927 2673 3766 2784; baseline 0.001 -33"><span class='ocrx_word' id='word_1_159' title='bbox 927 2675 1170 2752; x_wconf 87' lang='lat' dir='ltr'>anima</span> <span class='ocrx_word' id='word_1_160' title='bbox 1227 2675 1585 2784; x_wconf 86' lang='lat' dir='ltr'>genitoris</span> <span class='ocrx_word' id='word_1_161' title='bbox 1641 2676 1790 2752; x_wconf 90' lang='lat' dir='ltr'>mei</span> <span class='ocrx_word' id='word_1_162' title='bbox 1841 2673 2260 2763; x_wconf 87' lang='lat' dir='ltr'>Gotafredi,</span> <span class='ocrx_word' id='word_1_163' title='bbox 2314 2675 2475 2753; x_wconf 91' lang='lat' dir='ltr'>Deo</span> <span class='ocrx_word' id='word_1_164' title='bbox 2527 2674 2863 2754; x_wconf 86' lang='lat' dir='ltr'>salvatori</span> <span class='ocrx_word' id='word_1_165' title='bbox 2916 2675 3256 2754; x_wconf 89' lang='lat' dir='ltr'>omnium</span> <span class='ocrx_word' id='word_1_166' title='bbox 3304 2675 3572 2763; x_wconf 87' lang='lat' dir='ltr'>offero,</span> <span class='ocrx_word' id='word_1_167' title='bbox 3626 2706 3766 2784; x_wconf 88' lang='lat' dir='ltr'>pro</span> 
     </span>
     <span class='ocr_line' id='line_1_18' title="bbox 926 2805 3767 2915; baseline 0.001 -33"><span class='ocrx_word' id='word_1_168' title='bbox 926 2805 1316 2915; x_wconf 87' lang='lat' dir='ltr'>stipendiis</span> <span class='ocrx_word' id='word_1_169' title='bbox 1356 2822 1433 2883; x_wconf 91' lang='lat' dir='ltr'>et</span> <span class='ocrx_word' id='word_1_170' title='bbox 1470 2806 1730 2884; x_wconf 89' lang='lat' dir='ltr'>usibus</span> <span class='ocrx_word' id='word_1_171' title='bbox 1768 2805 2348 2894; x_wconf 88' lang='lat' dir='ltr'>monachorum,</span> <span class='ocrx_word' id='word_1_172' title='bbox 2404 2823 2488 2884; x_wconf 89' lang='lat' dir='ltr'>ut</span> <span class='ocrx_word' id='word_1_173' title='bbox 2572 2823 2742 2913; x_wconf 87' lang='lat' dir='ltr'>post</span> <span class='ocrx_word' id='word_1_174' title='bbox 2784 2806 3240 2884; x_wconf 87' lang='lat' dir='ltr'>hodiernum</span> <span class='ocrx_word' id='word_1_175' title='bbox 3281 2805 3485 2883; x_wconf 88' lang='lat' dir='ltr'>diem</span> <span class='ocrx_word' id='word_1_176' title='bbox 3528 2811 3767 2915; x_wconf 89' lang='lat' dir='ltr'>possi-</span> 
     </span>
     <span class='ocr_line' id='line_1_19' title="bbox 925 2937 3766 3046; baseline 0.001 -32"><span class='ocrx_word' id='word_1_177' title='bbox 925 2937 1174 3027; x_wconf 84' lang='lat' dir='ltr'>deant,</span> <span class='ocrx_word' id='word_1_178' title='bbox 1204 2954 1509 3017; x_wconf 89' lang='lat' dir='ltr'>teneant</span> <span class='ocrx_word' id='word_1_179' title='bbox 1538 2955 1614 3017; x_wconf 88' lang='lat' dir='ltr'>et</span> <span class='ocrx_word' id='word_1_180' title='bbox 1640 2937 1909 3017; x_wconf 84' lang='lat' dir='ltr'>faciant</span> <span class='ocrx_word' id='word_1_181' title='bbox 1938 2939 2034 3015; x_wconf 92' lang='lat' dir='ltr'>de</span> <span class='ocrx_word' id='word_1_182' title='bbox 2060 2938 2287 3015; x_wconf 87' lang='lat' dir='ltr'>rebus</span> <span class='ocrx_word' id='word_1_183' title='bbox 2316 2938 2494 3044; x_wconf 88' lang='lat' dir='ltr'>ipsis</span> <span class='ocrx_word' id='word_1_184' title='bbox 2520 2937 2887 3046; x_wconf 87' lang='lat' dir='ltr'>quicquid</span> <span class='ocrx_word' id='word_1_185' title='bbox 2913 2938 3313 3027; x_wconf 88' lang='lat' dir='ltr'>voluerint,</span> <span class='ocrx_word' id='word_1_186' title='bbox 3335 2938 3507 3045; x_wconf 88' lang='lat' dir='ltr'>jure</span> <span class='ocrx_word' id='word_1_187' title='bbox 3536 2939 3766 3017; x_wconf 82' lang='lat' dir='ltr'>eccle-</span> 
     </span>
     <span class='ocr_line' id='line_1_20' title="bbox 921 3068 3764 3178; baseline 0.001 -32"><span class='ocrx_word' id='word_1_188' title='bbox 921 3070 1236 3150; x_wconf 87' lang='lat' dir='ltr'>siastico.</span> <span class='ocrx_word' id='word_1_189' title='bbox 1281 3071 1503 3160; x_wconf 89' lang='lat' dir='ltr'>Sane,</span> <span class='ocrx_word' id='word_1_190' title='bbox 1548 3071 1756 3178; x_wconf 82' lang='lat' dir='ltr'>quod</span> <span class='ocrx_word' id='word_1_191' title='bbox 1797 3071 2105 3147; x_wconf 89' lang='lat' dir='ltr'>minime</span> <span class='ocrx_word' id='word_1_192' title='bbox 2147 3068 2410 3158; x_wconf 84' lang='lat' dir='ltr'>credo,</span> <span class='ocrx_word' id='word_1_193' title='bbox 2451 3070 2512 3145; x_wconf 90' lang='lat' dir='ltr'>si</span> <span class='ocrx_word' id='word_1_194' title='bbox 2549 3069 2744 3177; x_wconf 84' lang='lat' dir='ltr'>ipse,</span> <span class='ocrx_word' id='word_1_195' title='bbox 2778 3070 3168 3147; x_wconf 82' lang='lat' dir='ltr'>immutata</span> <span class='ocrx_word' id='word_1_196' title='bbox 3197 3069 3605 3159; x_wconf 83' lang='lat' dir='ltr'>voluntate,</span> <span class='ocrx_word' id='word_1_197' title='bbox 3635 3091 3764 3150; x_wconf 86' lang='lat' dir='ltr'>aut</span> 
     </span>
     <span class='ocr_line' id='line_1_21' title="bbox 923 3190 3757 3307; baseline 0.001 -31"><span class='ocrx_word' id='word_1_198' title='bbox 923 3198 1121 3279; x_wconf 85' lang='lat' dir='ltr'>ullus</span> <span class='ocrx_word' id='word_1_199' title='bbox 1162 3200 1257 3278; x_wconf 89' lang='lat' dir='ltr'>de</span> <span class='ocrx_word' id='word_1_200' title='bbox 1292 3200 1697 3279; x_wconf 81' lang='lat' dir='ltr'>heredibus</span> <span class='ocrx_word' id='word_1_201' title='bbox 1734 3190 1952 3289; x_wconf 78' lang='lat' dir='ltr'>meis,</span> <span class='ocrx_word' id='word_1_202' title='bbox 1993 3200 2108 3277; x_wconf 85' lang='lat' dir='ltr'>vel</span> <span class='ocrx_word' id='word_1_203' title='bbox 2146 3198 2293 3276; x_wconf 86' lang='lat' dir='ltr'>ulla</span> <span class='ocrx_word' id='word_1_204' title='bbox 2332 3198 2666 3277; x_wconf 80' lang='lat' dir='ltr'>immissa</span> <span class='ocrx_word' id='word_1_205' title='bbox 2696 3228 3013 3307; x_wconf 89' lang='lat' dir='ltr'>persona</span> <span class='ocrx_word' id='word_1_206' title='bbox 3053 3217 3310 3278; x_wconf 86' lang='lat' dir='ltr'>contra</span> <span class='ocrx_word' id='word_1_207' title='bbox 3348 3201 3757 3279; x_wconf 86' lang='lat' dir='ltr'>cessionem</span> 
     </span>
     <span class='ocr_line' id='line_1_22' title="bbox 920 3328 3762 3439; baseline 0.001 -34"><span class='ocrx_word' id='word_1_208' title='bbox 920 3331 1134 3408; x_wconf 86' lang='lat' dir='ltr'>istam</span> <span class='ocrx_word' id='word_1_209' title='bbox 1176 3331 1286 3408; x_wconf 91' lang='lat' dir='ltr'>ire</span> <span class='ocrx_word' id='word_1_210' title='bbox 1325 3350 1456 3409; x_wconf 87' lang='lat' dir='ltr'>aut</span> <span class='ocrx_word' id='word_1_211' title='bbox 1493 3332 1910 3438; x_wconf 89' lang='lat' dir='ltr'>inquietare</span> <span class='ocrx_word' id='word_1_212' title='bbox 1946 3328 2527 3438; x_wconf 79' lang='lat' dir='ltr'>praesumpserit,</span> <span class='ocrx_word' id='word_1_213' title='bbox 2563 3331 2902 3439; x_wconf 89' lang='lat' dir='ltr'>inprimis</span> <span class='ocrx_word' id='word_1_214' title='bbox 2930 3330 3117 3408; x_wconf 89' lang='lat' dir='ltr'>iram</span> <span class='ocrx_word' id='word_1_215' title='bbox 3148 3331 3289 3410; x_wconf 90' lang='lat' dir='ltr'>Dei</span> <span class='ocrx_word' id='word_1_216' title='bbox 3321 3332 3648 3411; x_wconf 81' lang='lat' dir='ltr'>incurrat</span> <span class='ocrx_word' id='word_1_217' title='bbox 3681 3350 3762 3410; x_wconf 87' lang='lat' dir='ltr'>et</span> 
     </span>
     <span class='ocr_line' id='line_1_23' title="bbox 919 3461 3758 3571; baseline 0.001 -35"><span class='ocrx_word' id='word_1_218' title='bbox 919 3479 1341 3571; x_wconf 85' lang='lat' dir='ltr'>sanctorum</span> <span class='ocrx_word' id='word_1_219' title='bbox 1390 3462 1584 3569; x_wconf 85' lang='lat' dir='ltr'>ejus,</span> <span class='ocrx_word' id='word_1_220' title='bbox 1632 3461 1906 3540; x_wconf 90' lang='lat' dir='ltr'>deinde</span> <span class='ocrx_word' id='word_1_221' title='bbox 1958 3478 2385 3567; x_wconf 89' lang='lat' dir='ltr'>componat,</span> <span class='ocrx_word' id='word_1_222' title='bbox 2430 3462 2632 3539; x_wconf 91' lang='lat' dir='ltr'>socio</span> <span class='ocrx_word' id='word_1_223' title='bbox 2669 3461 2879 3551; x_wconf 88' lang='lat' dir='ltr'>fisco,</span> <span class='ocrx_word' id='word_1_224' title='bbox 2925 3462 3086 3538; x_wconf 90' lang='lat' dir='ltr'>auri</span> <span class='ocrx_word' id='word_1_225' title='bbox 3142 3462 3364 3540; x_wconf 85' lang='lat' dir='ltr'>libras</span> <span class='ocrx_word' id='word_1_226' title='bbox 3410 3465 3593 3542; x_wconf 86' lang='lat' dir='ltr'>duas</span> <span class='ocrx_word' id='word_1_227' title='bbox 3642 3492 3758 3540; x_wconf 88' lang='lat' dir='ltr'>ar-</span> 
     </span>
     <span class='ocr_line' id='line_1_24' title="bbox 917 3589 3760 3699; baseline 0.002 -34"><span class='ocrx_word' id='word_1_228' title='bbox 917 3590 1120 3696; x_wconf 87' lang='lat' dir='ltr'>genti</span> <span class='ocrx_word' id='word_1_229' title='bbox 1159 3589 1491 3696; x_wconf 89' lang='lat' dir='ltr'>pondera</span> <span class='ocrx_word' id='word_1_230' title='bbox 1525 3607 1846 3697; x_wconf 86' lang='lat' dir='ltr'>quatuor</span> <span class='ocrx_word' id='word_1_231' title='bbox 1883 3607 2177 3669; x_wconf 88' lang='lat' dir='ltr'>coactus</span> <span class='ocrx_word' id='word_1_232' title='bbox 2217 3591 2576 3682; x_wconf 85' lang='lat' dir='ltr'>exsolvat,</span> <span class='ocrx_word' id='word_1_233' title='bbox 2626 3608 2702 3670; x_wconf 88' lang='lat' dir='ltr'>et</span> <span class='ocrx_word' id='word_1_234' title='bbox 2739 3621 2870 3671; x_wconf 88' lang='lat' dir='ltr'>sua</span> <span class='ocrx_word' id='word_1_235' title='bbox 2903 3592 3249 3699; x_wconf 87' lang='lat' dir='ltr'>repetitio</span> <span class='ocrx_word' id='word_1_236' title='bbox 3285 3593 3579 3672; x_wconf 89' lang='lat' dir='ltr'>nullum</span> <span class='ocrx_word' id='word_1_237' title='bbox 3627 3595 3760 3672; x_wconf 90' lang='lat' dir='ltr'>ob-</span> 
     </span>
     <span class='ocr_line' id='line_1_25' title="bbox 916 3719 3760 3830; baseline 0.002 -34"><span class='ocrx_word' id='word_1_238' title='bbox 916 3720 1158 3797; x_wconf 80' lang='lat' dir='ltr'>tineat&#39;</span> <span class='ocrx_word' id='word_1_239' title='bbox 1186 3719 1564 3812; x_wconf 71' lang='lat' dir='ltr'>effectumr,</span> <span class='ocrx_word' id='word_1_240' title='bbox 1614 3722 1748 3800; x_wconf 91' lang='lat' dir='ltr'>sed</span> <span class='ocrx_word' id='word_1_241' title='bbox 1787 3750 2108 3829; x_wconf 82' lang='lat' dir='ltr'>praesens</span> <span class='ocrx_word' id='word_1_242' title='bbox 2157 3722 2393 3800; x_wconf 87' lang='lat' dir='ltr'>cessio</span> <span class='ocrx_word' id='word_1_243' title='bbox 2446 3722 2580 3800; x_wconf 88' lang='lat' dir='ltr'>ista</span> <span class='ocrx_word' id='word_1_244' title='bbox 2624 3723 2978 3830; x_wconf 82' lang='lat' dir='ltr'>omnique</span> <span class='ocrx_word' id='word_1_245' title='bbox 3031 3741 3368 3830; x_wconf 84' lang='lat' dir='ltr'>tempore</span> <span class='ocrx_word' id='word_1_246' title='bbox 3422 3723 3638 3802; x_wconf 87' lang='lat' dir='ltr'>firma</span> <span class='ocrx_word' id='word_1_247' title='bbox 3682 3742 3760 3803; x_wconf 90' lang='lat' dir='ltr'>et</span> 
     </span>
     <span class='ocr_line' id='line_1_26' title="bbox 916 3849 3757 3959; baseline 0.001 -32"><span class='ocrx_word' id='word_1_248' title='bbox 916 3849 1194 3927; x_wconf 81' lang='lat' dir='ltr'>stabilis</span> <span class='ocrx_word' id='word_1_249' title='bbox 1238 3867 1668 3957; x_wconf 85' lang='lat' dir='ltr'>permaneat</span> <span class='ocrx_word' id='word_1_250' title='bbox 1729 3880 1899 3929; x_wconf 91' lang='lat' dir='ltr'>cum</span> <span class='ocrx_word' id='word_1_251' title='bbox 1959 3851 2433 3959; x_wconf 88' lang='lat' dir='ltr'>stipulatione</span> <span class='ocrx_word' id='word_1_252' title='bbox 2483 3852 2817 3929; x_wconf 85' lang='lat' dir='ltr'>subnixa.</span> <span class='ocrx_word' id='word_1_253' title='bbox 2868 3855 3086 3931; x_wconf 86' lang='lat' dir='ltr'>Facta</span> <span class='ocrx_word' id='word_1_254' title='bbox 3132 3854 3462 3933; x_wconf 88' lang='lat' dir='ltr'>cessione</span> <span class='ocrx_word' id='word_1_255' title='bbox 3501 3857 3641 3932; x_wconf 84' lang='lat' dir='ltr'>ista</span> <span class='ocrx_word' id='word_1_256' title='bbox 3679 3856 3757 3932; x_wconf 90' lang='lat' dir='ltr'>in</span> 
     </span>
     <span class='ocr_line' id='line_1_27' title="bbox 915 3982 3760 4093; baseline 0.002 -36"><span class='ocrx_word' id='word_1_257' title='bbox 915 4007 1171 4058; x_wconf 87' lang='lat' dir='ltr'>mense</span> <span class='ocrx_word' id='word_1_258' title='bbox 1212 3997 1558 4088; x_wconf 84' lang='lat' dir='ltr'>augusto,</span> <span class='ocrx_word' id='word_1_259' title='bbox 1604 4009 1799 4058; x_wconf 91' lang='lat' dir='ltr'>anno</span> <span class='ocrx_word' id='word_1_260' title='bbox 1841 4009 1919 4059; x_wconf 84' lang='lat'>111</span> <span class='ocrx_word' id='word_1_261' title='bbox 1959 4011 2110 4090; x_wconf 91' lang='lat' dir='ltr'>quo</span> <span class='ocrx_word' id='word_1_262' title='bbox 2144 3982 2711 4060; x_wconf 80' lang='lat' dir='ltr'>Kallamandus⁶</span> <span class='ocrx_word' id='word_1_263' title='bbox 2749 4011 2878 4061; x_wconf 82' lang='lat' dir='ltr'>rex</span> <span class='ocrx_word' id='word_1_264' title='bbox 2926 3984 3262 4093; x_wconf 84' lang='lat' dir='ltr'>migravit</span> <span class='ocrx_word' id='word_1_265' title='bbox 3309 3984 3402 4061; x_wconf 88' lang='lat' dir='ltr'>ab</span> <span class='ocrx_word' id='word_1_266' title='bbox 3443 3986 3589 4064; x_wconf 92' lang='lat' dir='ltr'>hoc</span> <span class='ocrx_word' id='word_1_267' title='bbox 3625 4014 3760 4062; x_wconf 85' lang='lat' dir='ltr'>sae-</span> 
     </span>
     <span class='ocr_line' id='line_1_28' title="bbox 915 4110 3752 4224; baseline 0.002 -37"><span class='ocrx_word' id='word_1_268' title='bbox 915 4111 1104 4189; x_wconf 89' lang='lat' dir='ltr'>culo.</span> <span class='ocrx_word' id='word_1_269' title='bbox 1151 4111 1225 4190; x_wconf 90' lang='lat' dir='ltr'>S.</span> <span class='ocrx_word' id='word_1_270' title='bbox 1269 4110 1655 4191; x_wconf 88' lang='lat' dir='ltr'>Gotafredi</span> <span class='ocrx_word' id='word_1_271' title='bbox 1710 4111 1839 4219; x_wconf 85' lang='lat' dir='ltr'>qui</span> <span class='ocrx_word' id='word_1_272' title='bbox 1882 4115 2297 4192; x_wconf 88' lang='lat' dir='ltr'>cessionem</span> <span class='ocrx_word' id='word_1_273' title='bbox 2349 4115 2563 4191; x_wconf 87' lang='lat' dir='ltr'>istam</span> <span class='ocrx_word' id='word_1_274' title='bbox 2617 4113 2779 4191; x_wconf 89' lang='lat' dir='ltr'>fieri</span> <span class='ocrx_word' id='word_1_275' title='bbox 2826 4114 2944 4192; x_wconf 89' lang='lat' dir='ltr'>vel</span> <span class='ocrx_word' id='word_1_276' title='bbox 2999 4113 3394 4193; x_wconf 87' lang='lat' dir='ltr'>adfirmare</span> <span class='ocrx_word' id='word_1_277' title='bbox 3443 4117 3752 4224; x_wconf 87' lang='lat' dir='ltr'>rogavit.</span> 
     </span>
     <span class='ocr_line' id='line_1_29' title="bbox 912 4241 3750 4352; baseline 0.002 -34"><span class='ocrx_word' id='word_1_278' title='bbox 912 4241 988 4318; x_wconf 84' lang='lat' dir='ltr'>S.</span> <span class='ocrx_word' id='word_1_279' title='bbox 1021 4241 1259 4319; x_wconf 82' lang='lat' dir='ltr'>Avidi.</span> <span class='ocrx_word' id='word_1_280' title='bbox 1285 4242 1360 4321; x_wconf 92' lang='lat' dir='ltr'>S.</span> <span class='ocrx_word' id='word_1_281' title='bbox 1384 4241 1798 4320; x_wconf 80' lang='lat' dir='ltr'>Aldebaldi.</span> <span class='ocrx_word' id='word_1_282' title='bbox 1828 4244 1905 4321; x_wconf 90' lang='lat' dir='ltr'>S.</span> <span class='ocrx_word' id='word_1_283' title='bbox 1938 4242 2263 4352; x_wconf 83' lang='lat' dir='ltr'>Aiguini.</span> <span class='ocrx_word' id='word_1_284' title='bbox 2296 4243 3289 4326; x_wconf 81' lang='lat' dir='ltr'>S.Guitbaldi.S.Gai1-aldi.</span> <span class='ocrx_word' id='word_1_285' title='bbox 3318 4246 3395 4325; x_wconf 92' lang='lat' dir='ltr'>S.</span> <span class='ocrx_word' id='word_1_286' title='bbox 3419 4244 3750 4324; x_wconf 87' lang='lat' dir='ltr'>Ainardi.</span> 
     </span>
     <span class='ocr_line' id='line_1_30' title="bbox 910 4369 1904 4451; baseline 0.002 -4"><span class='ocrx_word' id='word_1_287' title='bbox 910 4369 986 4447; x_wconf 89' lang='lat' dir='ltr'>S.</span> <span class='ocrx_word' id='word_1_288' title='bbox 1022 4370 1377 4450; x_wconf 80' lang='lat' dir='ltr'>Rotberti.</span> <span class='ocrx_word' id='word_1_289' title='bbox 1407 4372 1483 4450; x_wconf 92' lang='lat' dir='ltr'>S.</span> <span class='ocrx_word' id='word_1_290' title='bbox 1512 4373 1904 4451; x_wconf 88' lang='lat' dir='ltr'>Berdandi.</span> 
     </span>
    </p>
   </div>
   <div class='ocr_carea' id='block_1_3' title="bbox 991 4580 3557 4876">
    <p class='ocr_par' dir='ltr' id='par_1_3' title="bbox 991 4580 3557 4876">
     <span class='ocr_line' id='line_1_31' title="bbox 998 4580 3554 4662; baseline 0.004 -21"><span class='ocrx_word' id='word_1_291' title='bbox 998 4580 1008 4608; x_wconf 86' lang='lat'><strong>¹</strong></span> <span class='ocrx_word' id='word_1_292' title='bbox 1060 4580 1356 4662; x_wconf 67' lang='lat' dir='ltr'>Gar-ruffin</span> <span class='ocrx_word' id='word_1_293' title='bbox 1382 4582 1450 4644; x_wconf 89' lang='lat' dir='ltr'>B.</span> <span class='ocrx_word' id='word_1_294' title='bbox 2489 4588 2508 4617; x_wconf 66' lang='lat'><strong>⁴</strong></span> <span class='ocrx_word' id='word_1_295' title='bbox 2553 4587 2825 4652; x_wconf 69' lang='lat' dir='ltr'>Mensam.</span> <span class='ocrx_word' id='word_1_296' title='bbox 2844 4632 2860 4649; x_wconf 91' lang='lat'><strong>.</strong></span> <span class='ocrx_word' id='word_1_297' title='bbox 2886 4632 2903 4650; x_wconf 88' lang='lat'><strong>.</strong></span> <span class='ocrx_word' id='word_1_298' title='bbox 2932 4634 2943 4649; x_wconf 93' lang='lat'><strong>.</strong></span> <span class='ocrx_word' id='word_1_299' title='bbox 2979 4610 3193 4650; x_wconf 78' lang='lat' dir='ltr'>manere</span> <span class='ocrx_word' id='word_1_300' title='bbox 3219 4588 3433 4650; x_wconf 80' lang='lat' dir='ltr'>desunt</span> <span class='ocrx_word' id='word_1_301' title='bbox 3456 4590 3554 4652; x_wconf 82' lang='grc' dir='ltr'>Β.”</span> 
     </span>
     <span class='ocr_line' id='line_1_32' title="bbox 991 4682 2897 4754; baseline 0.006 -13"><span class='ocrx_word' id='word_1_302' title='bbox 991 4683 1011 4712; x_wconf 83' lang='lat'>²</span> <span class='ocrx_word' id='word_1_303' title='bbox 1060 4682 1433 4746; x_wconf 72' lang='lat' dir='ltr'>Arlambertus</span> <span class='ocrx_word' id='word_1_304' title='bbox 1453 4685 1522 4747; x_wconf 89' lang='lat' dir='ltr'>B.</span> <span class='ocrx_word' id='word_1_305' title='bbox 2489 4692 2507 4719; x_wconf 82' lang='lat'>⁸</span> <span class='ocrx_word' id='word_1_306' title='bbox 2549 4691 2807 4754; x_wconf 73' lang='lat' dir='ltr'>Ementus</span> <span class='ocrx_word' id='word_1_307' title='bbox 2831 4692 2897 4753; x_wconf 90' lang='lat' dir='ltr'>B.</span> 
     </span>
     <span class='ocr_line' id='line_1_33' title="bbox 991 4786 3557 4876; baseline 0.003 -29"><span class='ocrx_word' id='word_1_308' title='bbox 991 4788 1009 4816; x_wconf 81' lang='lat'><strong>³</strong></span> <span class='ocrx_word' id='word_1_309' title='bbox 1055 4786 1414 4872; x_wconf 58' lang='lat' dir='ltr'>Aiqaqfivedus</span> <span class='ocrx_word' id='word_1_310' title='bbox 1440 4789 1506 4850; x_wconf 88' lang='grc' dir='ltr'>Β.</span> <span class='ocrx_word' id='word_1_311' title='bbox 2487 4794 2505 4823; x_wconf 80' lang='lat'>⁶</span> <span class='ocrx_word' id='word_1_312' title='bbox 2551 4794 2639 4855; x_wconf 91' lang='lat' dir='ltr'>De</span> <span class='ocrx_word' id='word_1_313' title='bbox 2667 4794 3057 4857; x_wconf 83' lang='lat' dir='ltr'>Carlomanno</span> <span class='ocrx_word' id='word_1_314' title='bbox 3079 4815 3215 4876; x_wconf 84' lang='lat' dir='ltr'>rege</span> <span class='ocrx_word' id='word_1_315' title='bbox 3237 4795 3319 4857; x_wconf 90' lang='lat' dir='ltr'>ibi</span> <span class='ocrx_word' id='word_1_316' title='bbox 3350 4795 3557 4876; x_wconf 78' lang='lat' dir='ltr'>agitur.</span> 
     </span>
    </p>
   </div>
  </div>
 </body>
</html>
