4442 5769
903 534 1077 609 172‘'
1903 544 2710 623 CHARTULARIUM

2196 1016 2410 1092 CXX.

1414 1238 1602 1320 [Laxa
1633 1238 1913 1301 Bernardi
1943 1238 2172 1323 Rigaldi
2200 1262 2308 1325 pro
2336 1242 2531 1304 anima
2558 1253 2869 1326 parentum
2894 1245 3191 1324 auctuum]

1001 1494 1485 1571 Sacrosan'ctae
1536 1490 1853 1570 basilicae
1882 1494 1979 1575 .S.
2034 1494 2231 1572 Petri
2289 1492 2629 1574 Belliloci
2688 1496 3142 1574 monasterii.
3192 1496 3349 1604 Ego
3395 1497 3597 1574 enim
3637 1497 3716 1573 in

448 1614 669 1731 ¹⁰⁹⁷:
692 1616 811 1668 ¹⁰⁷⁰
887 1622 1161 1702 Christi
1196 1622 1498 1700 nornine
1531 1622 1955 1701 Bernardus
1986 1623 2336 1732 Rigaldus
2371 1624 2569 1703 filius
2605 1624 2990 1733 quondam
3026 1624 3313 1733 Rigaldi
3348 1626 3441 1704 de
3471 1628 3717 1704 Limi-

508 1800 555 1845 Β.
578 1816 622 1856 p.
649 1801 743 1843 138.

494 1874 574 1917 SG.
597 1889 643 1930 p.
671 1889 762 1929 ¹⁹⁰·

503 1947 550 1990 C.
576 1964 618 2005 p.
648 1964 739 2003 ιω.

887 1759 1067 1842 rael,
1102 1752 1198 1830 ad
1228 1742 1765 1831 monasterium
1795 1753 2004 1859 quod
2029 1771 2335 1833 vocatur
2363 1753 2819 1834 Belluslocus
2857 1755 2937 1832 in
2965 1755 3334 1834 honorem
3370 1755 3717 1834 videlicet

889 1883 963 1960 S.
1005 1882 1203 1960 Petri
1245 1882 1749 1989 apostolorum
1788 1882 2169 1989 principis,
2206 1883 2675 1992 aliorumque
2713 1901 3165 1975 sanctorum,
3200 1878 3331 1961 ubi
3361 1885 3471 1961 vir
3502 1913 3718 1963 vene-

886 2011 1136 2090 rabilis
1163 2010 1528 2090 Geraldus
1557 2012 1781 2090 abbas
1798 2013 1826 2053 ²
1854 2028 2164 2119 praee'sse
2193 2012 2489 2092 videtur
2521 2045 2539 2091 ε
2572 2012 2718 2092 hoc
2752 2031 2866 2092 est
2891 2031 3185 2121 pratum
3219 2041 3475 2091 meum
3507 2016 3717 2121 quod

887 2161 997 2220 est
1044 2143 1121 2219 in
1165 2171 1354 2250 pago
1403 2142 1900 2232 Limovicino,
1957 2144 2037 2220 in
2096 2142 2263 2222 loco
2310 2144 2443 2251 qui
2498 2162 2800 2223 vocatur
2853 2143 3111 2231 Doio⁸,
3171 2157 3247 2220 et
3305 2159 3575 2221 exeunt
3618 2146 3713 2224 de
3779 2210 3788 2219 .

886 2273 1310 2381 supradicto
1351 2291 1559 2380 prato
1606 2300 1734 2351 sex
1779 2272 2109 2351 sextariis
2149 2273 2244 2351 de
2281 2273 2481 2381 segle
2518 2292 2594 2351 et
2642 2273 2794 2352 duo
2845 2273 2939 2351 de
2980 2300 3232 2350 avena.
3274 2273 3434 2355 Hoc
3471 2276 3713 2351 totum

884 2403 1121 2482 offero
1160 2405 1324 2482 Deo
1364 2388 1697 2481 salvatori
1737 2402 2075 2482 omnium
2115 2421 2188 2481 et
2228 2404 2304 2481 S.
2345 2404 2602 2494 Petr0,
2644 2431 2781 2510 pro
2816 2401 3155 2483 remedio
3198 2403 3458 2480 animae
3498 2431 3710 2492 meae,

886 2553 960 2612 et
985 2535 1212 2640 patris
1242 2533 1390 2609 mei
1420 2551 1495 2611 et
1524 2533 1774 2611 matris
1801 2561 2020 2623 meae,
2052 2534 2542 2640 omniumque
2568 2550 2960 2639 parentum
2989 2560 3364 2622 meorum,
3395 2549 3513 2622 ut,
3547 2551 3717 2638 post

885 2664 1172 2742 obitum
1216 2691 1467 2740 meum
1489 2724 1508 2753 ‚
1550 2680 1876 2742 rectores
1915 2663 2254 2771 ejusdem
2293 2663 2440 2742 loci
2484 2681 2818 2754 teneant,
2864 2663 3297 2771 possideant
3333 2681 3411 2740 et
3448 2661 3717 2740 faciant

887 2793 1156 2872 deinde
1187 2791 1547 2903 quicquid
1575 2793 1932 2902 elegerint
1960 2793 2038 2870 in
2072 2794 2422 2872 omnihus
2440 2794 2612 2902 jure
2649 2793 3162 2873 ecclesiastico.
3196 2793 3389 2872 Sane
3423 2794 3483 2870 si
3520 2793 3711 2900 quis,

887 2953 1025 3033 ego
1064 2925 1255 3033 ipse,
1297 2926 1683 3003 immutata
1716 2925 2086 3003 voluntate
2124 2953 2324 3015 mea,
2361 2940 2489 3003 aut
2519 2925 2716 3003 ullus
2756 2925 2852 3003 de
2892 2923 3301 3002 heredibus
3336 2924 3553 3012 meis,
3589 2941 3728 3001 aut.

884 3055 1030 3134 ulla
1069 3056 1397 3133 immissa
1444 3083 1756 3162 persona
1789 3054 1920 3163 qui
1969 3071 2227 3134 contra
2279 3055 2470 3132 hanc
2519 3055 2928 3133 cessionem
2985 3052 3211 3130 ullam
3263 3051 3713 3131 calumniam

881 3215 1232 3294 generare
1270 3186 1819 3293 praesumpserit
1835 3243 1855 3275 ‚
1898 3184 2237 3292 inprimis
2255 3273 2260 3280 ‚
2277 3185 2461 3262 iram
2502 3185 2641 3264 Dei
2696 3185 3018 3262 incurrat
3056 3201 3130 3260 et
3163 3211 3337 3261 cum
3368 3181 3602 3261 Datan
3641 3200 3718 3260 et

882 3316 1163 3396 Abiron
1201 3318 1279 3394 in
1316 3315 1688 3394 infernum
1727 3316 2232 3424 demet-gutum
2275 3330 2353 3392 et
2388 3341 2710 3421 praesens
2748 3315 2982 3395 cessio
3023 3314 3164 3392 ista
3199 3314 3410 3390 firma
3447 3330 3521 3390 et
3565 3329 3714 3390 sta-

881 3446 1054 3524 bilis
1099 3430 1543 3553 permaneat·
1577 3447 1656 3522 in
1700 3445 2023 3522 venturis
2068 3444 2692 3551 generationibus.
2742 3446 2959 3522 Facta
3018 3462 3132 3522 est
3187 3460 3379 3521 carta
3440 3443 3575 3519 ista
3635 3443 3715 3519 in

764 3599 777 3606 ·
886 3603 1141 3654 mense
1172 3574 1606 3653 novembrio
1623 3636 1647 3665 ‚a
1680 3590 2027 3682 regnante
2055 3574 2399 3682 Philippo
2436 3603 2610 3683 rege
2647 3576 3124 3652 Francorum.
3166 3574 3244 3651 S.
3278 3573 3540 3651 domni
3566 3571 3716 3652 Ge·

884 3704 1069 3784 raldi
1110 3704 1419 3783 abbatis.
1463 3704 1539 3784 S.
1590 3703 1931 3785 Guitardi
1971 3702 2338 3783 monachi.
2390 3703 2467 3783 S.
2510 3704 2864 3783 Bernardi
2905 3703 3271 3798 olivarii-⁴,
3325 3701 3718 3808 capellani⁵

887 3836 1127 3915 Sancti
1159 3835 1414 3912 Primi.
1450 3836 1527 3913 S.
1558 3834 1858 3915 Get-aldi
1895 3834 2204 3942 Ugonis⁸
2233 3832 2329 3911 de
2358 3832 2724 3913 Genebra.
2752 3835 2829 3913 S.
2850 3831 3269 3915 Wuisselmi
3300 3830 3543 3909 fratris
3573 3831 3712 3908 sui.

973 4074 987 4103 ¹
1033 4075 1309 4157 Limyrae
1336 4073 1449 4137 SG.
2461 4071 2478 4103 ⁸
2528 4071 2766 4135 Olman‘i
2793 4072 2861 4134 B.

969 4176 990 4206 ¹
1030 4176 1320 4240 Get-aldus
1363 4176 1440 4247 11,
1487 4177 1592 4261 qui
1631 4173 1922 4237 abbatiam
1960 4176 2105 4237 rexit
2150 4175 2225 4238 ab
2461 4173 2479 4202 ⁵
2526 4173 2811 4257 capellani
2839 4172 3003 4236 deest
3028 4171 3145 4236 SG.

884 4302 1040 4342 anno
1071 4301 1222 4364 ¹097
1245 4281 1322 4342 ad
1349 4301 1485 4342 ann.
1527 4303 1549 4341 ι
1568 4301 1590 4342 ι
1610 4299 1683 4364 ¹9
1707 4290 1765 4341 et
1792 4277 1937 4340 sorte
1968 4300 1992 4340 ι
2013 4279 2146 4340 130.
2457 4276 2477 4305 ⁰
2523 4275 2789 4360 Haqonis.
2817 4276 2875 4339 S.
2904 4274 3186 4338 δοκοῦν-ἕω
3214 4272 3353 4334 salse
3379 4272 3446 4334 B.

971 4384 991 4413 ³
1036 4382 1178 4445 Doso
1205 4382 1316 4446 SG.
