4442 5769
918 573 1015 647 os
1093 532 1141 593 ·’
1184 584 1193 591 ·
1941 570 2744 645 CHARTULARIUM

915 739 1146 828 diem,
1189 739 1331 844 ipsi
1370 750 1694 817 rectores
1732 755 1990 815 sanctae
2036 738 2177 815 Dei
2219 738 2589 829 Ecclesiae,
2642 741 2920 847 absque
2967 739 3122 819 ullo
3167 743 3743 835 contradicente,

912 868 1229 947 habeant
1258 895 1545 947 cessum
1576 869 1671 946 ad
1700 886 1940 975 partes
1972 869 2202 946 sancti
2233 868 2534 948 Genesii
2569 888 2645 948 et
2671 899 2807 978 pro
2834 873 3077 949 anima
3101 872 3456 979 genitoris
3478 879 3741 966 nostri,

910 1027 1342 1106 cessumque
1378 1001 1456 1079 in
1494 1015 1941 1107 perpetuum
1982 1026 2141 1075 esse
2167 996 2543 1089 volumus,
2586 1029 2756 1077 cum
2788 1002 2884 1079 de
2916 1018 3171 1080 nostro
3195 1003 3368 1110 jure
3403 1005 3479 1080 in
3504 1023 3746 1084 vestro

910 1146 987 1207 et
1027 1130 1535 1209 dominatione
1574 1146 1998 1236 permaneat
2034 1147 2378 1235 potestas.
2411 1131 2620 1208 Licet
2655 1131 2733 1207 in
2773 1131 2910 1209 hac
2946 1132 3273 1210 cessione
3304 1161 3596 1239 poenam
3635 1137 3746 1212 in·

907 1288 1152 1337 serere
1184 1288 1480 1337 necesse
1507 1288 1655 1338 non
1690 1278 1832 1348 est,
1861 1260 1995 1337 sed
2025 1287 2161 1365 pro
2190 1259 2441 1338 studio
2469 1259 2870 1351 firmitatis,
2903 1261 3124 1339 nobis
3149 1262 3596 1369 complacuit
3616 1248 3743 1341 'vo-

907 1389 1147 1466 luntas
1196 1409 1280 1467 ut
1315 1419 1530 1497 poena
1573 1394 1803 1465 eam¹²
1842 1387 2280 1466 confirmare
2321 1388 2796 1468 deberemus.
2838 1391 3064 1485 Quod
3101 1391 3163 1468 si
3206 1419 3344 1468 nos
3394 1392 3563 1498 ipsi,
3605 1396 3782 1470 im·-

907 1536 1184 1596 mutata
1218 1518 1597 1597 voluntate
1636 1534 1917 1607 nostra,
1947 1536 2073 1595 aut
2109 1517 2303 1595 ullus
2342 1517 2435 1596 ab
2471 1518 2877 1596 heredibus
2910 1520 3215 1609 nostris,
3247 1519 3362 1597 vel
3391 1521 3743 1627 quaelibet

905 1676 1216 1753 persona
1231 1711 1248 1738 ‚
1272 1677 1437 1756 quae
1462 1665 1715 1727 contra
1735 1646 1924 1725 hanc
1950 1648 2355 1726 cessionem
2391 1648 2628 1738 istam,
2658 1677 2883 1754 quam
2907 1678 3045 1727 nos
3071 1666 3468 1756 spontanea
3496 1651 3742 1729 volun-

901 1796 1050 1855 tate
1082 1798 1326 1857 nostra
1365 1777 1828 1855 conscribere
1859 1777 1973 1853 vel
2002 1775 2439 1854 confirmare
2468 1777 2915 1883 rogavimus,
2944 1777 3267 1884 aliquam
3295 1779 3738 1856 calumniam

904 1907 1142 1987 facere
1172 1908 1717 2016 praesumpserit
1737 1967 1756 1997 ‚
1782 1925 2209 2013 componat,
2237 1908 2421 1984 cui¹³
2438 1906 2648 1984 litem
2677 1907 3007 1985 intulerit
3032 1908 3192 1985 auri
3217 1906 3480 1984 libram
3510 1935 3738 1985 unam

902 2055 978 2115 et
1006 2040 1287 2146 argenti
1318 2038 1650 2144 pondera
1678 2037 2014 2144 quinque
2046 2055 2344 2115 coactus
2373 2035 2725 2126 exsolvat,
2758 2053 2833 2113 et
2864 2036 3071 2144 quod
3101 2036 3287 2142 petit
3315 2036 3737 2115 nuilatenus

896 2168 1265 2245 vindicare
1318 2169 1578 2257 valeat,
1629 2168 1760 2245 sed
1813 2166 1970 2244 haec
2017 2169 2252 2244 cessio
2296 2166 2762 2257 inconvulsa,
2804 2167 3018 2243 firma
3065 2184 3141 2243 et
3185 2165 3466 2244 stabilis
3508 2167 3738 2245 valeat

896 2298 1299 2404 perdurare
1339 2297 1806 2404 stipulatione
1843 2296 2172 2374 subnixa.
2209 2298 2427 2374 Facta
2467 2297 2700 2375 cessio
2741 2297 2880 2374 ista
2916 2296 2994 2373 in
3031 2323 3287 2373 mense
3328 2294 3730 2387 februario,

894 2427 973 2504 in
1013 2455 1207 2505 anno
1242 2428 1486 2532 primo
1500 2433 1552 2475 ¹⁴
1592 2426 1839 2504 obitus
1875 2427 2090 2504 bonae
2129 2427 2510 2504 memoriae
2549 2425 2850 2503 Roduffi
2875 2426 3030 2534 jam
3069 2427 3282 2515 dicti,
3317 2442 3390 2502 et
3428 2454 3620 2504 anno
3659 2454 3732 2504 111

897 2557 1121 2665 [quo]
1172 2558 1564 2662 assumpsit
1608 2558 2006 2663 imperium
2054 2557 2402 2634 dominus
2445 2558 2850 2634 Lotariuskf’
2887 2586 3013 2634 rex
3055 2556 3451 2662 propicius.
3490 2557 3566 2635 S.
3609 2557 3733 2634 Ai-

892 2691 1178 2794 ganae¹⁶.
1224 2688 1299 2764 S.
1343 2687 1676 2764 Frotarii.
1719 2685 2187 2766 Godafredus
2237 2714 2554 2792 praesens
2596 2685 2856 2763 adfuit.
2903 2687 2978 2765 S.
3023 2685 3390 2764 Landrici.
3440 2688 3512 2765 S.
3559 2688 3733 2763 Rot-

895 2818 1113 2896 berti.
1163 2818 1239 2896 S.
1283 2816 1638 2895 Emelii17.
1683 2817 1757 2896 S.
1803 2816 2131 2896 Aimarn.

977 3094 1017 3125 ⁸²
1059 3096 1232 3158 Poena
1260 3118 1431 3158 meam
1458 3097 1774 3182 corfinum
1811 3098 2139 3159 voluntatem
2163 3098 2231 3158 B.

890 3198 1147 3261 Deberem
1173 3198 1242 3259 B.
1269 3198 1383 3261 SG.
1415 3212 1474 3260 et
1501 3199 1606 3262 Ch.

974 3300 1015 3331 ¹⁸
1062 3300 1178 3375 Qui
1205 3302 1272 3362 B.

975 3399 1017 3432 ¹⁴
1060 3403 1250 3463 Primo
1279 3403 1442 3464 deest
1467 3402 1535 3463 B.

979 3502 1019 3532 ¹⁵
1063 3503 1294 3564 Domino
1320 3504 1582 3565 Lochario
1620 3505 1737 3588 reqi
1768 3505 2008 3589 propicio
2038 3503 2231 3566 Baius.

890 3604 1199 3666 Lotharius
1230 3606 1547 3689 imperium
1585 3608 1894 3690 assumpsit
1930 3606 1996 3669 in
2030 3627 2233 3667 mense

879 3708 1051 3791 junio
1093 3708 1233 3768 anni
1281 3707 1433 3776 84ος
1476 3709 1671 3793 itaque
1715 3709 1932 3770 mensis
1975 3707 2229 3770 februar.

885 3809 1026 3870 anni
1052 3810 1206 3871 tertii
1228 3808 1405 3895 hujus
1428 3811 1661 3895 imperii
1675 3858 1689 3881 ‚
1718 3832 1838 3873 non
1864 3812 1925 3873 in
1947 3833 2080 3872 ann.
2103 3812 2232 3879 842

884 3932 1062 3994 quem
1090 3911 1365 3974 Justelius
1414 3914 1661 3984 notavit,
1702 3914 1804 3975 sed
1841 3915 1905 3975 in
1935 3935 2070 3975 ann.
2102 3915 2229 3982 844

2385 3096 2607 3158 incidit.
2648 3096 2842 3159 Belus.
2875 3116 3015 3155 ann.
3056 3094 3182 3158 856
3215 3095 3301 3155 ibi
3343 3097 3589 3164 notavit.
3630 3096 3732 3155 sed

2384 3198 2552 3268 false;
2583 3200 2706 3283 ipse
2746 3199 2905 3259 enim
2941 3197 3197 3258 chartam
3236 3196 3585 3258 venditionis
3619 3198 3732 3276 (in-

2319 3365 2326 3374 ,
2382 3301 2469 3361 fra
2507 3302 2782 3379 cmxxxiv)
2814 3299 2916 3360 ubi
2956 3298 3242 3360 Rodulfus
3272 3319 3465 3358 comes
3497 3296 3732 3359 defunc-

2382 3415 2476 3465 tus
2511 3401 2743 3472 dicitur,
2782 3401 2856 3462 ad
2897 3423 3033 3462 ann.
3068 3402 3190 3483 847
3223 3398 3435 3462 retulit.
3470 3399 3730 3461 Praesens

2381 3506 2834 3566 instrumentum
2879 3505 2935 3564 in
2975 3525 3115 3565 anno
3156 3504 3332 3586 primo
3367 3501 3542 3563 obitus
3585 3505 3731 3585 ejus·

2380 3606 2517 3669 dem
2537 3605 2795 3691 toparchi
2817 3604 3061 3675 factum.
3084 3604 3160 3667 ad
3181 3626 3317 3667 ann.
3341 3602 3465 3667 856
3489 3602 3730 3666 nullate—

2380 3731 2494 3772 nus
2521 3709 2701 3792 igitur
2728 3708 2932 3769 referri
2959 3719 3175 3791 potest,
3200 3706 3302 3768 sed
3327 3704 3403 3767 ad
3424 3725 3559 3766 ann.
3583 3704 3726 3772 844.

2466 3811 2508 3842 ¹⁸
2552 3810 2784 3896 quane
2802 3809 2918 3872 SG.

2466 3912 2506 3943 ¹⁷
2551 3912 2609 3974 S.
2637 3911 2845 3973 Emilii.
2886 3911 2945 3973 S.
2977 3910 3216 3972 Anum-ii
3241 3908 3355 3973 SG.
