4442 5769
554 3368 717 3442 Apris.

470 3479 625 3532 997-
647 3462 802 3516 1031.

519 3645 566 3686 B.
591 3661 633 3700 p.
662 3648 754 3690 nst.

497 3718 577 3760 SG.
605 3733 647 3773 p.
684 3721 778 3760 ¹13.

919 568 1052 635 190
1555 552 1568 559 “
1915 564 2735 671 CHARTULARIUM·

901 748 985 807 ut
1011 730 1326 808 firmiter
1344 750 1663 808 teneant.
1699 732 1776 809 Si
1805 761 1978 809 vero
2009 732 2248 809 facere
2280 704 2690 821 noluerint,
2721 732 2842 809 ille
2879 733 3009 839 qui
3039 735 3442 810 contrarius
3468 734 3726 825 fuerit,

903 889 1204 938 omnem
1244 860 1605 939 honorem
1656 889 1912 938 meum
1956 864 2084 969 qui
2132 892 2268 969 per
2316 862 2803 939 hereditatem
2858 861 2962 939 illi
3005 864 3360 954 evenerit,
3411 864 3729 944 Geraldo

901 992 1102 1067 fratri
1142 1020 1313 1073 meo
1358 992 1689 1080 dimitte,
1734 992 1809 1067 in
1852 991 1981 1068 tali
2024 992 2575 1070 convenientia⁶
2609 1010 2692 1069 ut
2737 991 2858 1068 ille
2896 991 3098 1069 filius
3135 1018 3349 1070 meus
3375 994 3530 1099 jam
3565 969 3731 1073 mea

905 1151 1054 1199 non
1101 1122 1565 1198 hereditetur
1610 1150 1845 1227 usque
1899 1121 2042 1198 hoc
2093 1121 2483 1199 confirmet
2529 1122 2686 1198 sine
2738 1121 2934 1198 malo
2983 1122 3303 1229 ingenio.
3358 1124 3436 1202 Si
3484 1141 3729 1203 autem

907 1253 1060 1356 ipse
1087 1251 1448 1329 Geraldus
1473 1252 1801 1329 noluerit
1825 1251 2062 1329 facere
2090 1268 2217 1328 aut
2246 1251 2323 1327 in
2357 1250 2604 1357 aliquo
2636 1253 3039 1329 contrarius
3065 1254 3161 1330 sit
3198 1255 3358 1331 Deo
3389 1271 3462 1330 et
3484 1256 3565 1331 B.
3592 1255 3729 1331 Pe-

903 1401 1019 1458 tro
1037 1443 1052 1467 ,
1086 1383 1453 1458 exheredo
1487 1382 1696 1457 illum
1727 1381 1821 1458 de
1846 1399 2004 1459 toto
2032 1381 2317 1460 honore
2338 1409 2542 1470 meo,
2575 1399 2650 1457 et
2674 1383 2876 1460 dono
2910 1411 3085 1458 eum
3106 1383 3412 1489 Rigaldo
3434 1412 3731 1460 consan-

904 1513 1173 1616 guineo
1206 1540 1410 1600 meo,
1445 1513 1522 1588 in
1556 1512 1684 1588 tali
1725 1512 2232 1588 convenientia
2259 1531 2345 1588 ut
2374 1514 2521 1590 hoc
2558 1512 2766 1617 quod
2794 1513 3301 1618 supradictum
3336 1529 3445 1590 est
3472 1530 3729 1590 tenere

904 1643 1117 1718 faciat
1161 1642 1244 1718 B.
1286 1643 1530 1718 Petro.
1574 1643 1761 1718 Sane
1805 1643 1870 1719 si
1915 1643 2120 1748 quis,
2166 1670 2304 1748 ego
2353 1642 2512 1747 ipse
2552 1650 2681 1718 au‘t
2716 1641 2912 1718 ullus
2950 1670 3040 1719 ex
3077 1641 3504 1748 parentibus
3545 1646 3729 1719 meis

903 1792 1029 1849 aut
1069 1772 1216 1850 ulla
1260 1773 1589 1849 immissa
1630 1799 1945 1878 persona
1963 1833 1979 1861 ,
2026 1801 2191 1878 quae
2231 1788 2485 1850 contra
2525 1772 3033 1878 gurpitionem
3072 1791 3201 1849 aut
3244 1772 3727 1851 donationem

905 1902 1130 1977 ullam
1166 1902 1602 1979 calumniam
1633 1929 1987 2006 generare
2028 1901 2383 1992 voluerit,
2417 1902 2603 1978 iram
2641 1902 2840 1979 omni
2850 1902 3171 2007 potentis
3192 1902 3333 1981 Dei
3372 1903 3723 1991 incurrat,

905 2051 1010 2122 et,
1050 2061 1091 2108 a
1121 2032 1540 2109 coelestibus
1569 2031 1873 2109 sedibus
1911 2048 2273 2121 remotus,
2308 2032 2746 2137 aeternisque
2786 2033 3121 2109 tartareis
3153 2032 3523 2111 crucietur
3547 2034 3728 2139 igni-

898 2164 1073 2252 bus,
1120 2182 1195 2240 et
1241 2190 1412 2240 cum
1463 2164 1699 2239 Datan
1739 2179 1812 2238 et
1859 2161 2140 2239 Abiron
2177 2190 2473 2268 semper
2510 2161 3010 2267 participetur.
3051 2163 3145 2238 Et
3188 2161 3355 2240 illos
3399 2165 3728 2269 quinque

902 2292 1179 2369 solidos
1217 2320 1409 2396 quos
1441 2290 1806 2407 habebam
1836 2290 1929 2367 de
1958 2291 2235 2369 decano
2262 2299 2286 2337 ⁷
2318 2291 2412 2368 ad
2449 2291 2694 2369 fevum
2713 2350 2731 2378 ,
2765 2290 3070 2370 absolvo
3089 2293 3251 2370 Deo
3282 2308 3359 2368 et
3378 2292 3455 2370 S.
3483 2294 3724 2371 Petro.

2105 2890 2533 2965 CXXXVII.

1607 3169 1614 3170 ἶ
1741 3095 2041 3176 [venditio
2065 3095 2146 3157 de
2170 3096 2347 3158 bosco
2369 3095 2462 3158 Ad
2488 3095 2591 3156 ffla
2615 3095 2900 3176 νοητὴ]

1012 3334 1325 3411 Decreta
1375 3332 1623 3438 legum
1672 3347 1749 3407 et
1795 3330 2162 3408 institutio
2201 3329 2422 3434 jubet
2469 3330 2949 3436 antiquorum
2997 3348 3083 3406 ut
3131 3331 3369 3407 omnis
3404 3329 3730 3437 legitima

900 3490 1248 3569 persona,
1284 3464 1344 3538 si
1370 3491 1488 3537 res
1522 3488 1691 3537 suas
1717 3461 1800 3536 in
1826 3459 2130 3538 alterius
2159 3458 2748 3537 dominationem
2777 3459 3075 3536 tradere
3100 3458 3451 3548 voluerit,
3492 3460 3727 3537 libera

838 3607 844 3613 ’
904 3596 972 3669 ei
1032 3592 1477 3670 concedatur
1530 3566 1877 3672 facultas:
1914 3591 2308 3695 Propterea
2371 3619 2507 3697 ego
2574 3591 2650 3666 in
2701 3589 2841 3667 Dei
2898 3590 3200 3668 nomine
3249 3589 3721 3676 Guillelmus,

904 3723 1104 3798 filius
1155 3722 1536 3829 quondam
1594 3719 2003 3809 Guillelmi‚
2063 3737 2350 3797 constat
2399 3748 2539 3797 me·
2569 3720 2891 3798 vendere
2938 3720 3247 3797 hoscum
3296 3747 3549 3797 meum
3596 3719 3723 3824 qui

903 3870 1199 3929 vocatur
1236 3854 1352 3930 Ad
1395 3851 1521 3928 illa
1545 3852 1880 3941 Vneris,
1919 3869 1989 3928 et
2028 3850 2304 3956 pratale
2345 3848 2552 3957 quod
2582 3867 2696 3926 est
2732 3849 2990 3927 subter
3026 3848 3240 3926 illum
3278 3849 3621 3937 boscum,
3655 3867 3727 3925 et

899 3985 1113 4061 aliam
1152 4002 1425 4062 terram
1464 3985 1540 4059 in
1579 3983 1742 4088 ipso
1781 3983 1981 4071 loeo,
2037 3982 2332 4060 cuidam
2370 3981 2735 4058 monacho
2775 3979 3076 4060 nomine
3125 3980 3543 4067 Bernardo,
3594 3979 3723 4085 qui

901 4118 1121 4193 etiam
1162 4117 1320 4222 ipse
1376 4117 1453 4190 in
1492 4126 1718 4219 opere
1761 4131 1838 4190 et
1871 4112 2163 4191 servitio
2203 4113 2283 4190 B.
2328 4128 2401 4188 et
2437 4110 2774 4216 gloriosae
2813 4138 3106 4218 semper
3144 4110 3438 4217 virginis
3482 4109 3726 4188 Mau-im

895 4246 1203 4352 filioque
1245 4247 1402 4354 ejus
1438 4247 1614 4322 Jesu
1652 4242 1978 4328 Christo,
2017 4243 2173 4349 regi
2216 4242 2555 4318 omnium
2596 4241 3068 4330 saeculorum,
3113 4239 3390 4318 ooelesti
3433 4239 3727 4318 deside-

898 4378 1010 4452 rio
1061 4403 1406 4454 accensus
1430 4434 1448 4462 ,
1501 4374 1702 4451 bono
1748 4374 1995 4450 animo
2035 4372 2438 4475 comparari
2484 4370 2852 4448 desiderat
2898 4369 2997 4447 ad
3045 4370 3293 4448 locum
3341 4371 3485 4475 qui·
3520 4396 3729 4447 voea-

897 4523 1020 4580 tur
1064 4504 1180 4582 Ad
1213 4504 1336 4581 illa
1364 4505 1704 4584 Dometa.
1736 4502 1867 4578 Est
1903 4503 2149 4607 itaque
2188 4501 2454 4578 boseus
2490 4499 2607 4578 vel
2647 4476 2804 4606 ipsa
2840 4516 3035 4577 terra
3072 4502 3153 4578 in
3186 4497 3373 4577 orbe
3406 4498 3730 4576 Limovi-

896 4638 1102 4723 cino,
1133 4636 1207 4710 in
1235 4636 1493 4711 vicaria
1521 4634 1964 4719 Asnacense,
2004 4631 2376 4736 habetque
2396 4630 2592 4707 ‘fines
2625 4631 2719 4707 de
2761 4630 3051 4707 duabus
3087 4627 3417 4734 partibus
3454 4646 3723 4705 terram

981 4920 997 4946 ⁵
1051 4917 1118 4976 Ue
1148 4918 1240 4979 ille
1257 4962 1435 4976 .....
1471 4917 1611 4977 malo
1642 4918 1850 4999 inqenio
1875 4916 2090 4977 desunt
2115 4915 2181 4976 Β.
2463 4915 2483 4946 ⁷
2527 4916 2614 4977 De
2641 4912 2846 4975 decima
2868 4913 2981 4976 SG.
