4442 5769
1354 602 1984 679 MONASTERII
2046 604 2179 674 DE
2243 599 2875 674 BEL'LOLOCO.
3390 600 3516 669 171

705 757 1139 837 ad'Vincula
1183 783 1319 861 per
1355 781 1798 833 consensum
1850 751 2231 831 donamus.
2283 753 2498 826 Facta
2535 765 2729 826 carta
2773 750 2910 826 ista
2957 752 3034 825 in
3083 778 3338 826 mense
3380 776 3533 824 ma-

705 890 865 979 dio,
893 904 1239 996 regnante
1274 886 1634 964 Rotberto
1676 912 1871 991 rege.
1903 884 1978 961 S.
2009 881 2388 959 Bernardi.
2419 881 2494 958 S.
2526 881 2787 987 Ugoni.
2821 880 2897 957 S.
2927 879 3226 959 Geraldi
3257 879 3523 957 clerici.

704 1022 778 1098 S.
822 1021 1091 1096 iterum
1133 1014 1459 1097 Geraldi.

1980 1597 2270 1683 CXIX¹.

974 1819 1242 1899 [Donum
1270 1817 1434 1900 quod
1461 1816 1594 1877 fecit
1625 1814 1822 1876 Dmdn
1850 1815 1917 1875 in
1941 1814 2170 1874 vicu-iis
2197 1813 2512 1874 Asuscensi
2538 1811 2757 1874 seffioet
2784 1823 2844 1873 et
2870 1811 3275 1893 mliacensi]

820 2054 978 2158 Ego
1031 2053 1110 2127 in
1156 2050 1297 2128 Dei
1350 2049 1694 2135 nomine,
1736 2047 2029 2135 Druda,
2086 2074 2251 2152 quoe
2296 2046 2782 2153 cognominor
2821 2048 2880 2123 F
2884 2046 3246 2136 olcrada2,
3291 2048 3541 2125 divino
3738 2042 3867 2113 ‘¹²¹8-

712 2209 966 2258 amore
1007 2179 1322 2257 coelestis
1361 2177 1714 2255 desiderii
1754 2193 2233 2283 compuncta,
2278 2175 2463 2254 cedo
2504 2176 2580 2251 in
2616 2174 2789 2254 villa
2829 2204 3029 2265 mea,
3082 2176 3159 2254 S.
3206 2180 3424 2255 Petro
3464 2178 3543 2255 in
3637 2135 3980 2188 ²⁰3¹‘m60'

714 2313 883 2389 loco
932 2312 1062 2417 qui
1113 2325 1412 2386 vocatur
1459 2306 1956 2394 Belluslocus,
2019 2306 2116 2383 de
2163 2307 2352 2383 meis
2398 2306 2718 2412 propriis
2768 2307 2993 2384 rebus
3038 2332 3222 2413 ques
3276 2307 3540 2397 hodie,

712 2442 993 2547 absque
1023 2439 1249 2518 ullius
1277 2438 1601 2515 hominis
1632 2436 2252 2525 contradictione,
2293 2453 2518 2515 teneo
2544 2453 2769 2543 atque
2802 2436 3154 2542 possideo
3188 2468 3206 2513 ε
3249 2437 3395 2515 hoc
3434 2456 3548 2516 est

716 2573 906 2649 duos
933 2596 1222 2647 mansos
1250 2570 1327 2645 in
1356 2567 1618 2645 vicaria
1639 2566 2153 2644 Astiliacense³
2180 2565 2407 2672 [sorte
2428 2595 2555 2669 pro
2576 2565 3108 2673 AltiliacenseJ,
3130 2568 3206 2645 in
3225 2567 3391 2647 loco
3416 2571 3545 2678 qui

713 2719 1014 2779 vocatur
1040 2699 1157 2777 Ad
1189 2697 1310 2774 issa
1347 2696 1640 2787 Strada,
1676 2697 1809 2773 ubi
1842 2696 2217 2774 Durantus
2254 2697 2453 2773 visus
2491 2713 2603 2773 est
2635 2722 2979 2786 manere,
3006 2697 3082 2772 in
3116 2697 3242 2774 tali
3270 2696 3549 2777 scilicet

713 2831 995 2909 ratione
1036 2846 1121 2907 ut
1151 2828 1487 2935 quandiu
1515 2828 1762 2906 vixero
1802 2843 2187 2906 teneamus
2214 2855 2354 2934 ego
2397 2844 2470 2905 et
2504 2826 2707 2904 filius
2742 2854 2957 2904 meus
2990 2826 3438 2934 Stephanus,
3474 2846 3551 2908 et

715 2962 921 3038 annis
951 2958 1258 3067 singulis
1286 2985 1594 3036 censum
1620 2957 2121 3063 persolvamus
2152 2957 2247 3034 de
2283 2958 2461 3062 ipsis
2489 2957 2757 3035 mansis
2788 2958 2974 3035 duas
2995 2956 3321 3064 gallinas.
3352 2961 3446 3036 Et
3474 2961 3549 3037 in

718 3089 862 3167 alio
895 3090 1063 3166 loco
1092 3089 1222 3194 qui
1256 3086 1528 3164 dicitur
1555 3085 1674 3164 Ad
1701 3085 2030 3174 Biberia,
2073 3087 2371 3190 tertiam
2408 3103 2693 3191 partem
2726 3086 2821 3164 de
2849 3087 3081 3166 bosco
3100 3143 3119 3175 ,
3154 3087 3252 3164 de
3282 3088 3544 3180 vineis,

718 3220 813 3296 de
840 3219 1079 3325 aquis,
1115 3217 1210 3294 de
1240 3215 1750 3323 piscatoribus.
1793 3213 2152 3293 Similiter
2180 3232 2352 3321 post
2383 3232 2701 3292 mortem
2739 3232 3067 3294 nostram
3107 3216 3553 3297 dimittimus

719 3349 796 3425 S.
845 3349 1092 3425 Petro.
1138 3346 1234 3422 Et
1276 3346 1355 3421 in
1395 3345 1541 3422 alio
1588 3345 1787 3433 loco,
1836 3344 1914 3420 in
1959 3344 2225 3424 vicaria
2269 3344 2720 3435 Asnacense,
2770 3347 2849 3423 in
2898 3345 3069 3426 loco
3106 3349 3238 3454 qui
3278 3348 3553 3428 dicitur

718 3474 1168 3582 Longavilla,
1209 3492 1571 3581 quantum
1613 3502 1751 3582 ego
1789 3474 1939 3551 visa
1978 3501 2146 3552 sum
2183 3475 2458 3556 habere
2506 3475 2625 3553 vel
2672 3476 3087 3582 possidere,
3141 3477 3425 3557 cultum
3479 3499 3555 3559 et

720 3605 1113 3693 incultum,
1155 3621 1326 3711 post
1374 3621 1696 3682 mortem
1741 3632 1987 3682 meam
2044 3606 2121 3682 S.
2167 3607 2387 3683 Petro
2430 3605 2757 3684 dimitto,
2799 3607 2880 3685 Si
2927 3625 3176 3686 autem
3212 3639 3393 3719 ego,
3432 3612 3551 3689 vel

701 3736 918 3816 nllus
953 3737 1048 3812 de
1085 3707 1514 3841 paretitibus
1546 3735 1765 3827 meis,
1809 3752 1937 3812 aut
1972 3733 2174 3816 filius
2207 3764 2459 3826 meus,
2504 3756 2630 3815 aut
2655 3736 2811 3815 ulla
2850 3738 3173 3817 immissa
3203 3744 3547 3847 persona,

719 3868 850 3971 qui
883 3882 1134 3943 contra
1165 3864 1357 3942 hanc
1395 3881 1668 3944 canam
1722 3864 2152 3943 donationis
2199 3866 2428 3944 ullam
2478 3868 2928 3946 calumniam
2980 3898 3330 3978 generare
3369 3901 3555 3979 prse—

721 3997 1149 4102 sumpserit,
1191 3995 1532 4101 inprimis
1560 3996 1745 4073 iram
1784 3996 1925 4073 Dei
1963 3996 2493 4101 omnipotentis
2524 3997 2843 4075 incurrat
2882 4016 2959 4076 et
2993 4029 3162 4077 cum
3200 4001 3434 4078 Datan
3478 4020 3554 4079 et

723 4123 1008 4201 Abit-on
1040 4142 1115 4201 et
1133 4124 1324 4201 Juda
1351 4125 1706 4203 traditore
1739 4126 1816 4201 in
1849 4125 2141 4203 inferno
2169 4126 2536 4204 consistat.
2570 4129 2788 4205 Facta
2820 4148 2928 4207 est
2958 4149 3154 4208 carta
3185 4131 3261 4206 in
3300 4131 3561 4208 mense

723 4269 1065 4359 augusto,
1117 4273 1463 4362 regnante
1514 4255 1856 4333 Aienrico
1904 4284 2101 4363 rege.
2160 4257 2235 4334 S.
2280 4255 2634 4334 Foicrada
2684 4289 2846 4365 quae
2887 4262 3295 4338 cessionem
3336 4259 3552 4338 istam

722 4382 882 4508 fieri
929 4382 1353 4488 firmarique
1392 4385 1695 4492 rogavit.
1742 4387 1818 4464 S.
1863 4386 2225 4492 Stephani
2266 4385 2402 4463 filii
2445 4387 2627 4493 ejus.

3689 2338 3737 2381 B.
3760 2353 3803 2395 p.
3831 2340 3924 2392 ¹³7·

3664 2412 3745 2455 SG.
3774 2428 3819 2469 p.
3855 2428 3871 2455 ι
3939 2440 3949 2452 .

3691 2488 3738 2529 C.
3758 2502 3801 2544 p.
3830 2500 3923 2541 1⁹⁰·

809 4593 824 4623 ¹
871 4593 1063 4676 Hujus
1101 4593 1470 4653 instrumenti
1499 4594 1835 4654 brevissima
1863 4596 2067 4656 notitia
2300 4595 2323 4628 ¹
2367 4596 2646 4658 Fulcmda
2673 4598 2785 4661 SG.

721 4695 880 4778 apud
921 4696 955 4757 J
960 4693 1233 4757 ustessum
1277 4705 1456 4756 exstat
1497 4697 1649 4756 inter
1696 4695 2064 4779 probationes
2302 4698 2322 4728 ²
2366 4696 2716 4760 Altiliacsme
2741 4700 2889 4763 Just.
2920 4701 3082 4764 deest
3101 4703 3215 4768 SG.

721 4798 865 4858 Hm.
901 4799 1093 4859 Tur-sn.
1119 4819 1177 4882 p.
1206 4799 1260 4859 5.
