4442 5769
1382 607 2017 683 MONASTERII
2066 607 2196 680 DE
2251 606 2881 682 BELLOLOCO.
3402 610 3549 680 267

709 778 939 857 modo
978 806 1131 886 quo
1168 794 1378 884 pater
1414 777 1854 885 praestiterat
1888 792 2231 885 praestare
2269 775 2784 884 juramentum
2802 783 2853 854 ⁷.
2894 776 3287 855 Testihus⁸
3329 776 3553 884 hujus

706 908 1205 1018 fidejussionis
1248 940 1265 985 ε
1308 908 1399 988 G.
1451 906 1575 985 dal
1626 909 1893 1017 Sagrer
1908 912 1959 984 ⁹.
2014 907 2093 984 P.
2137 905 2259 984 dal
2307 907 2594 1015 Sagrer.
2636 907 2714 984 P.
2757 906 2994 986 Maior
3013 912 3086 985 ¹⁰.
3130 905 3554 986 Willelmus

710 1040 973 1119 Maior.
1013 1041 1090 1120 S.
1112 1039 1467 1117 Lavernia
1487 1046 1563 1117 ¹1.
1595 1042 1680 1117 R.
1711 1038 1806 1117 de
1837 1038 2186 1118 Gonex12.
2220 1039 2295 1117 S.
2319 1038 2729 1117 Baireira¹³.
2766 1037 2842 1115 S.
2869 1036 3336 1116 Aldebertus.
3367 1040 3451 1115 R.
3486 1038 3554 1114 la

707 1171 1138 1252 Bastida.·G.
1172 1171 1266 1249 de
1287 1169 1595 1248 Tellet¹⁴
1624 1170 1996 1264 sacerdos,
2018 1167 2448 1247 monachus,
2475 1168 2902 1250 Willelmus
2925 1169 3018 1246 de
3040 1168 3547 1248 Chatmartzw.

572 1385 587 1400 ,
709 1303 795 1381 U.
826 1302 921 1379 de
954 1303 1031 1381 S.
1063 1302 1336 1380 Amanz
1363 1300 1725 1379 Palizasw.
1757 1302 1839 1378 B.
1873 1301 1967 1379 de
1995 1300 2471 1378 Curamonta.
2503 1300 2810 1378 Rotlanz
2828 1308 2880 1349 1⁷
2911 1301 3242 1393 Maurizi.
3265 1299 3554 1377 P.Wil-

709 1430 978 1511 lelmus
1016 1432 1562 1513 Gauzfredus¹⁸.
1603 1433 1791 1509 Data
1831 1460 2005 1538 ergo
2046 1431 2452 1522 sentencia,
2496 1431 2586 1510 G.
2619 1430 3069 1539 [Geraldus]
3110 1431 3419 1508 vicarius
3460 1429 3552 1504 fi-

714 1562 888 1641 dem
919 1562 1131 1641 dedit
1157 1563 1436 1641 domno
1457 1562 1739 1654 abbati,
1763 1561 1951 1640 infra
1974 1563 2414 1670 capitulum3
2439 1580 2697 1671 postea
2723 1590 2947 1668 super
2976 1561 3198 1638 altare
3220 1561 3303 1637 B.
3336 1562 3555 1637 Eme-

712 1691 861 1769 lii¹⁹
885 1755 902 1784 ‚
956 1694 1437 1802 suprapositis
1480 1693 1844 1802 praedictis
1886 1693 2256 1801 reliquiis,
2307 1692 2739 1771 fidelitatem
2775 1692 3048 1800 juravit
3094 1721 3110 1765 ε
3166 1719 3256 1768 eo
3303 1708 3554 1768 tamen

712 1824 905 1904 salvo
957 1826 1163 1934 quod
1205 1825 1393 1905 infra
1438 1842 1724 1934 septem
1767 1826 1961 1916 dies,
2005 1826 2066 1903 si
2107 1842 2360 1903 contra
2407 1823 2636 1901 fidem
2687 1843 2962 1932 ageret,
3019 1822 3414 1900 emandare
3462 1823 3553 1897 li-

714 1973 935 2033 ceret.
988 1959 1228 2066 Hujus
1259 1939 1739 2066 jurementi²⁰
1785 1973 1960 2034 sunt
1994 1973 2220 2033 testes
2263 1988 2281 2032 ε
2323 1956 2411 2033 U.
2456 1955 2550 2033 de
2590 1955 2886 2034 Gonesc
2925 1970 3002 2032 et
3038 1954 3129 2034 G.
3173 1982 3291 2031 sos
3335 1953 3551 2030 fliz-²¹.

713 2085 1036 2162 Jordas²²
1060 2086 1452 2166 Galterius.
1489 2089 1566 2165 Ρ.
1594 2085 1714 2164 dal
1743 2087 2028 2195 Sagrer.
2061 2086 2151 2165 G.
2184 2114 2305 2164 sos
2329 2084 2447 2163 filz
2481 2102 2555 2164 et
2593 2087 2964 2163 Bernartz.
2997 2083 3088 2162 G.
3135 2083 3256 2161 dal
3296 2086 3560 2191 Sagrer

717 2234 793 2294 et
819 2218 905 2294 R.
937 2234 1012 2293 et
1039 2217 1131 2297 G.
1165 2246 1284 2297 sos
1311 2218 1455 2297 filz.
1487 2218 1560 2297 S.
1595 2218 1919 2297 Baireira
1951 2236 2025 2295 et
2052 2218 2143 2298 G.
2171 2245 2291 2297 sos
2330 2216 2514 2294 filz2³
2545 2235 2620 2294 et
2646 2219 2810 2296 D.²4
2839 2245 2960 2295 sos
2988 2244 3195 2322 neps.
3229 2217 3562 2294 P.Maior

718 2364 790 2423 et
837 2346 930 2426 G.
987 2376 1108 2426 sos
1154 2348 1371 2427 filz2⁵.
1413 2347 1843 2430 Willelmus
1902 2347 2025 2426 del
2076 2350 2285 2426 Bosc.
2336 2348 2415 2425 P.
2467 2348 2562 2425 de
2618 2347 2966 2425 Salern²⁶.
3029 2348 3106 2424 P.
3162 2346 3556 2425 Polverelz.

715 2477 807 2557 G.
840 2475 1102 2555 Fabre.
1137 2477 1348 2559 Will.
1377 2478 1661 2557 Amalz.
1697 2481 1784 2556 R.
1826 2478 1965 2557 10²⁷
2004 2507 2188 2587 neps
2219 2479 2569 2585 Farapi²⁸.
2602 2477 2693 2556 G.
2732 2476 3048 2585 Dalpon.
3082 2477 3232 2556 Gui
3261 2461 3369 2555 'de
3410 2479 3563 2557 Cu-

713 2625 1072 2687 ramonta.
1105 2611 1385 2689 Bertos.
1418 2610 1501 2687 B.
1541 2609 1634 2686 de
1668 2610 1979 2689 Goness.
2016 2608 2091 2687 S.
2129 2607 2225 2685 de
2257 2608 2662 2686 Pairizacw.
2703 2607 2780 2686 S.
2811 2607 2881 2684 la
2907 2609 3178 2689 Vernia
3197 2615 3275 2686 ³⁰.
3308 2611 3435 2689 W.
3467 2607 3560 2684 de

714 2737 1133 2818 Chatmariz
1162 2740 1591 2819 monachus,
1622 2741 2000 2820 Johannes
2028 2739 2519 2819 Effermers³¹.
2548 2740 2638 2820 G.
2668 2739 2762 2816 de
2788 2740 3034 2820 Coiac.
3060 2740 3464 2818 Umbertus
3479 2746 3555 2814 ³².

607 2890 630 2900 ‘
715 2869 805 2949 G.
844 2868 1136 2950 PalizaS.
1172 2873 1257 2950 U.
1301 2871 1393 2949 de
1435 2872 1684 2952 Sainct
1721 2871 2023 2950 Amanz.
2062 2870 2152 2951 G.
2184 2870 2418 2950 Prior.
2447 2870 2539 2950 G.
2574 2869 2665 2948 de
2709 2869 2869 2947 Plas
2903 2877 3180 2978 pum-⁸³.
3218 2869 3419 2951 Will.
3466 2870 3560 2944 de

715 3002 1053 3080 Maenzac
1088 3030 1280 3109 puer
1302 3008 1383 3079 ³².
1430 3004 1515 3078 U.
1565 3003 1854 3081 Dasnac
1896 3029 2109 3110 puer.
2154 3001 2237 3077 B.
2286 2999 2380 3076 de
2428 3002 2899 3078 Curamonta.
2942 2999 3268 3077 Rotlanz.
3322 3000 3413 3079 G.
3468 2999 3560 3076 de

716 3132 1215 3210 Martemniac.
1251 3132 1398 3210 Gui
1429 3131 1526 3209 de
1563 3132 1903 3209 Beissenc
1921 3137 1999 3208 ³⁵.
2024 3131 2118 3207 Et
2156 3128 2535 3238 aliquanto
2572 3130 3053 3235 postmodum
3086 3130 3335 3238 elapso
3368 3150 3561 3208 tem—

802 3342 822 3371 ⁷
862 3341 1149 3405 Praedictis
1180 3344 1390 3405 testibus
1421 3344 1641 3425 receptis
1663 3342 1778 3406 SG.
2300 3339 2342 3371 ¹¹
2385 3341 2588 3425 Sosses
2610 3341 2724 3404 SG.

802 3446 823 3474 ⁸
876 3446 1271 3507 Testamentum
1302 3446 1444 3507 salse
1482 3447 1548 3507 B.
1590 3457 1647 3507 et
1684 3444 1819 3512 SG.;
1852 3445 2064 3506 testibus
2299 3441 2345 3473 ²¹
2386 3443 2580 3505 lor-das
2608 3457 2664 3506 et
2692 3447 2993 3530 sequentia
3021 3466 3209 3527 usque
3243 3447 3319 3507 ad
3346 3445 3403 3507 S.
3433 3447 3563 3506 Bai-

715 3546 893 3633 paulo
920 3559 1051 3631 post
1073 3548 1249 3609 deest.
2206 3544 2358 3607 ‘reim
2384 3546 2598 3607 desunt
2625 3548 2692 3608 B.
3265 3534 3282 3545 ”

801 3649 823 3680 ⁹
866 3651 982 3712 Dal
1006 3650 1182 3736 Βαριη-
1200 3649 1314 3715 SG.
1341 3652 1450 3713 Del
1467 3650 1691 3737 Saqrier·
1716 3651 1783 3713 B.
2299 3646 2345 3679 ¹³
2385 3648 2597 3734 Sonses
2619 3650 2732 3713 SG.
2758 3649 3003 3733 Sonsfils
3029 3652 3097 3713 B.

801 3752 844 3783 ¹⁰
888 3752 1079 3817 Maior
1099 3755 1269 3817 sicuti
1295 3753 1666 3839 digm'Iatem,
1707 3774 1812 3816 seu
1844 3775 2062 3815 munus
2298 3749 2344 3782 ¹²
2385 3753 2441 3812 J.
2473 3753 2535 3813 in
2562 3774 2701 3813 mss.
2735 3753 2801 3813 B.
2827 3764 2886 3815 et
2912 3752 3025 3815 SG.

714 3856 977 3919 indicans
1007 3858 1073 3918 B.
2300 3851 2345 3882 ¹⁵
2388 3852 2599 3939 Solsfis
2622 3856 2690 3916 B.
2720 3854 2903 3939 Sosfis
2932 3853 3045 3918 SG.

804 3958 842 3990 ¹¹
888 3958 976 4021 La
1016 3960 1215 4021 Vernia
1241 3959 1366 4023 Col.
2300 3954 2342 3986 ²⁶
2386 3955 2600 4018 Salerin
2629 3959 2695 4019 B.
2723 3969 2782 4020 et
2802 3956 2915 4021 SG.
2941 3957 3025 4018 ibi
3050 3970 3106 4047 et
3131 3957 3296 4018 infra.

805 4059 847 4093 ¹¹
894 4062 1113 4147 Goneqe
1140 4064 1206 4125 B.
1240 4075 1298 4125 et
1321 4063 1445 4127 SG.
1477 4075 1536 4124 et
1561 4061 1770 4124 Genese
1796 4060 2058 4123 inferius.
2299 4056 2343 4090 ⁸⁷
2386 4059 2495 4122 Los
2522 4061 2591 4122 B.
2619 4060 2708 4122 La
2734 4060 2849 4126 SG.

804 4162 848 4195 ¹⁸
889 4163 1161 4249 Baryeira
1194 4164 1303 4227 Col
1330 4166 1413 4228 ibi
1440 4178 1498 4228 et
1524 4165 1783 4227 inferius.
1810 4164 2065 4226 Bar-isira
2299 4161 2345 4195 ¹⁸
2387 4162 2600 4246 Sarapi
2621 4163 2736 4227 SG.
2766 4163 2973 4248 Sanapi
2999 4165 3066 4227 B.

718 4267 786 4329 B.
818 4265 966 4326 infra
988 4266 1271 4328 ban-ieira.
2298 4264 2345 4298 ¹⁹
2385 4267 2649 4329 Pan-isac
2674 4266 2788 4330 SG.
2819 4268 3097 4329 Parrasac
3125 4267 3192 4328 B.

805 4364 849 4399 ²⁸
901 4368 1108 4429 Telliet.
1132 4369 1197 4430 B.
1220 4368 1336 4432 SG.
2300 4368 2345 4401 ³⁰
2386 4370 2474 4431 La
2505 4370 2666 4431 Vinia
2690 4369 2760 4431 B.

806 4469 849 4502 ²⁵
895 4469 1182 4533 Chatmars
1205 4473 1273 4534 B.
1303 4470 1416 4535 SG.
2299 4473 2341 4505 ³¹
2386 4472 2710 4557 Effemziera
2735 4470 2849 4534 SG.
2875 4471 3167 4556 Effermias
3195 4474 3262 4536 B.

806 4573 848 4606 ¹⁶
894 4573 1141 4635 Par-lisca
1169 4574 1238 4636 Β.
1265 4586 1325 4635 et
1350 4572 1462 4637 SG.
1494 4573 1578 4635 ibi
1602 4584 1660 4635 et
1683 4575 1850 4635 infra.
2299 4574 2344 4606 ³²
2391 4577 2688 4637 Guiberms
2717 4575 2784 4637 B.
2812 4586 2872 4636 et
2895 4574 3010 4636 SG.

805 4674 843 4707 ¹⁷
885 4676 1114 4739 Rollans
1133 4676 1372 4739 Maur-isi
1400 4678 1467 4738 B.
1499 4676 1612 4739 SG.
2299 4676 2343 4709 ³³
2389 4678 2540 4739 Puer·
2586 4678 2751 4740 deest
2799 4677 2908 4741 Col
2942 4679 3052 4749 ihi,
3099 4692 3159 4741 et
3207 4680 3384 4766 paulo
3426 4691 3556 4763 post

809 4777 852 4811 ¹⁸
896 4779 1231 4864 Gaufiedzu
1258 4781 1325 4842 B.
1356 4779 1668 4864 Gaesi-edas
1691 4780 1805 4844 SG.
2216 4781 2289 4844 G.
2321 4780 2387 4842 de
2411 4781 2546 4842 Plas
2559 4803 2715 4864 puer.
2746 4781 2839 4843 W.
2869 4781 2938 4847 de
2955 4783 3226 4846 Maenzac
3249 4783 3464 4844 desunt
3488 4782 3553 4842 B.

808 4881 850 4913 ¹⁹
893 4883 1094 4945 Emelli
1118 4883 1232 4947 SG.
1268 4884 1457 4945 Emilii
1479 4885 1545 4946 B.
2299 4882 2344 4915 ³⁴
2387 4883 2629 4947 Mouzac
2656 4883 2770 4948 SG.

805 4983 851 5016 ²⁶
900 4985 1225 5049 Testamenti
1248 4987 1318 5050 B.
1348 4998 1408 5048 et
1432 4986 1545 5051 SG.
2299 4986 2343 5017 ³⁸
2387 4987 2612 5049 Baissen
2641 4987 2707 5050 B.

3151 5125 3251 5181 312.

3593 1577 3685 1630 An.
3715 1598 3728 1630 ι

3751 1580 3937 1636 ιὸίι-ιι
3987 1598 4021 1631 o
