4442 5769
1371 611 2006 686 MONASTERII
2073 613 2205 685 DE
2270 612 2906 687 BELLOLOCO.
3426 616 3562 688 125

1983 1028 2317 1102 LXXIII.

770 1233 1021 1315 [Ebolus
1052 1242 1110 1295 et
1130 1230 1545 1315 Ermengardis
1567 1230 1765 1292 villam
1795 1230 2090 1293 Candidas
2119 1245 2176 1292 et
2203 1230 2371 1315 plura
2400 1231 2462 1292 in
2492 1196 2759 1292 Scalucia
2782 1242 2840 1292 et
2866 1228 3104 1290 Albiaco
3134 1228 3514 1309 condonant.]

826 1441 1093 1521 Mundi
1142 1440 1468 1519 termino
1511 1439 1857 1518 celeriter
1894 1441 2564 1547 appropinquante,
2617 1458 2911 1548 oportet
2954 1467 3566 1548 unumquemque
3680 1456 3832 1511 Febr.
3860 1458 3986 1529 967.

714 1572 1026 1653 sollicite
1061 1600 1197 1679 pro
1234 1571 1493 1648 animae
1531 1570 1763 1649 salute
1801 1570 2134 1679 vigilare,
2178 1570 2932 1649 ac'crebrescentibus
2960 1569 3211 1661 malis,
3243 1573 3424 1650 totis
3452 1601 3569 1650 ca·
3708 1662 3742 1702 B
3852 1675 3926 1704 m

715 1704 920 1781 sibus
960 1720 1257 1781 cautum
1293 1702 1664 1791 insistere,
1711 1730 1805 1779 ne
1846 1730 2049 1781 mors
2086 1702 2481 1809 improvisa
2501 1763 2519 1792 ,
2564 1732 2727 1810 quae
2757 1702 2943 1780 nulli
2983 1732 3284 1810 parcere
3324 1704 3560 1795 novit,
3682 1690 3765 1778 sc'.
3782 1675 3850 1793 ¹³12.
3886 1691 3981 1782 11⁸0.

715 1834 1034 1912 inveniat
1065 1832 1290 1910 malis·
1317 1850 1691 1911 vacantem
1732 1849 1808 1911 et
1836 1833 2239 1913 dominicis
2273 1834 2638 1914 mandatis
2666 1836 3054 1913 inermem.
3098 1836 3567 1943 Quapropter
3747 1842 3755 1852 ‘

716 1992 853 2044 nos
893 1967 970 2042 in
1009 1965 1285 2044 Christi
1315 1965 1620 2041 nomine
1657 1964 1939 2043 Ebolus
1970 1984 2048 2043 et
2078 1994 2268 2044 uxor
2301 1994 2470 2044 mea
2494 1966 3102 2073 Ermenguardis¹
3142 1995 3396 2045 casum
3424 1968 3566 2048 hu-

703 2097 830 2203 jus
857 2095 1097 2173 saeculi
1129 2111 1690 2202 pertractantes,
1726 2113 1801 2174 et
1832 2095 1926 2173 de
1954 2097 2097 2173 Dei
2132 2096 2672 2186 misericordia,
2709 2125 2937 2203 quam
2962 2096 3041 2173 in
3070 2096 3464 2203 publicano
3498 2119 3572 2177 et

711 2226 1029 2303 muliere
1064 2225 1457 2304 Chananea
1494 2226 1853 2316 exercuit,
1903 2228 2495 2317 reminiscentes,
2531 2227 2868 2305 cedimus
2909 2227 3003 2305 ad
3040 2231 3573 2309 monasterium

713 2358 925 2465 quod
960 2376 1265 2436 vocatur
1301 2357 1790 2451 Belluslocus,
1834 2358 2043 2465 quod
2092 2377 2203 2436 est
2245 2356 2643 2438 fundatum
2684 2360 2762 2463 in
2799 2359 3163 2438 honorem
3209 2361 3284 2440 S.
3328 2361 3575 2439 Trini-

714 2488 882 2565 tatis
924 2489 1303 2596 sanctique
1345 2490 1539 2566 Petri
1558 2550 1577 2577 ,
1623 2490 1940 2567 coelestis
1980 2489 2356 2597 clavigeri,
2404 2489 2867 2597 aliorumque
2909 2509 3328 2570 sanctorum
3369 2514 3576 2571 sanc-

712 2637 1046 2696 tarumve
1072 2679 1089 2707 ,
1134 2619 1265 2696 ubi
1307 2620 1616 2699 Guerno
1655 2620 1883 2698 abbas
1921 2650 2235 2728 praeesse
2275 2622 2593 2713 videtur,
2631 2622 2779 2700 hoc
2817 2640 2926 2699 est
2957 2622 3205 2701 villam
3245 2634 3571 2702 nostram

714 2779 878 2858 quae
926 2767 1228 2828 vocatur
1274 2751 1675 2842 CandidaS,
1731 2751 2081 2830 videlicet
2128 2784 2305 2831 cum
2352 2755 2626 2832 mansis
2672 2755 2950 2832 vestitis
3000 2784 3084 2832 ac
3136 2754 3566 2844 vestiendiS,

717 2881 1024 2989 campis,
1057 2883 1319 2988 pratis,
1353 2883 1583 2973 silvis,
1605 2882 2113 2974 molendini&
2147 2886 2360 2992 aquis
2390 2913 2839 2993 aquarumve
2872 2886 3342 2976 decursibus,
3376 2916 3576 2993 quae-

716 3013 940 3094 situm
968 3013 1086 3091 vel
1114 3014 1324 3121 quod
1352 3014 1888 3120 acquirendum
1919 3032 2062 3101 est,
2097 3015 2214 3092 vel
2246 3034 2606 3122 quantum
2642 3016 2736 3092 ad
2768 3017 3001 3123 ipsam
3035 3016 3279 3094 villam
3313 3018 3575 3123 aspicit

717 3163 841 3223 aut
887 3146 1212 3252 aspicere
1252 3143 1564 3234 videtur,
1604 3145 1720 3222 vel
1758 3162 2121 3251 quantum
2160 3145 2268 3223 ibi
2297 3147 2468 3253 jure
2509 3174 2675 3223 mea
2716 3147 3044 3224 cernitur
3083 3176 3241 3225 esse
3281 3176 3571 3255 posses-

715 3277 851 3356 sio.
887 3277 1070 3371 Quae
1099 3305 1220 3354 res
1257 3275 1605 3354 videntur
1640 3304 1800 3353 esse
1841 3277 1918 3351 in
1958 3275 2224 3353 vicaria
2260 3275 2792 3355 Altiliacense2.
2836 3276 3194 3355 Cedimus
3232 3278 3575 3357 similiter

715 3407 812 3484 ad
848 3408 1095 3512 ipsum
1141 3407 1423 3494 locum,
1477 3406 1557 3482 in
1596 3405 1735 3482 alia
1783 3407 2049 3484 vicaria
2092 3436 2259 3514 quae
2312 3385 2587 3486 dicitur
2632 3410 3007 3502 Pauliac0‚
3048 3436 3351 3489 mansos
3383 3412 3574 3488 duos

715 3537 793 3612 in
831 3535 1193 3626 Scalucia,
1227 3565 1361 3614 seu
1385 3537 1645 3615 vineas
1684 3537 1779 3614 de
1819 3537 2158 3628 Albiaco,
2198 3559 2369 3617 cum
2411 3541 3023 3646 ipsis—bordariis,
3056 3541 3172 3619 vel
3210 3561 3573 3650 quantum

713 3667 909 3744 inter
945 3666 1280 3745 Scalucia
1316 3667 1436 3745 vel
1466 3667 1769 3746 Albiaco
1808 3669 1941 3745 visi
1984 3699 2244 3753 sumus
2286 3670 2563 3749 habere
2604 3672 2716 3750 vel
2751 3673 3169 3779 possidere,
3207 3675 3323 3751 vel
3352 3703 3574 3782 quan-

639 3839 650 3848 ,.
712 3815 874 3875 tum
925 3799 1002 3874 in
1045 3799 1223 3906 ipsis
1270 3798 1453 3877 locis
1498 3817 1748 3878 nostra
1798 3800 2128 3878 cernitur
2173 3827 2333 3879 esse
2379 3804 2782 3908 possessiO,
2810 3822 3077 3888 ,totum
3135 3823 3208 3882 et
3246 3805 3341 3882 ad
3384 3807 3575 3883 inte-

713 3959 930 4037 grum
959 3931 1055 4007 ad
1089 3932 1336 4037 ipsum
1365 3929 1616 4009 locum
1651 3932 2021 4021 cedimus,
2063 3933 2139 4009 in
2176 3933 2566 4040 stipendiis
2604 3952 2678 4013 et
2715 3937 2974 4015 usibus
3004 3939 3570 4017 monachorum.

713 4062 795 4137 In
838 4061 966 4139 tali
1009 4082 1376 4141 conventu
1421 4063 1553 4141 has
1591 4093 1712 4142 res
1751 4065 2124 4155 cedimus,
2166 4082 2283 4155 ut,
2333 4064 2670 4174 quandiu
2717 4067 2939 4146 ambo
2987 4069 3423 4160 advivimus,
3466 4087 3577 4146 te-

713 4217 1052 4280 neamuS,
1091 4211 1164 4270 et
1191 4194 1400 4270 annis
1438 4194 1775 4302 singulis,
1811 4196 1889 4271 in
1918 4194 2309 4275 festivitate
2347 4197 2582 4304 ipsius
2616 4198 3028 4308 clavigeris,
3056 4228 3195 4307 pro
3227 4202 3317 4278 iis
3350 4199 3576 4278 rebus

717 4323 1121 4401 duodecim
1183 4323 1531 4403 denarios
1592 4326 1686 4403 de
1747 4356 1974 4405 censu
2031 4328 2572 4434 persolvamus,
2642 4348 2814 4438 post
2872 4330 3266 4409 amborum
3331 4359 3579 4411 exces-

716 4483 913 4544 sum,
968 4453 1318 4533 monachi
1375 4456 1605 4563 ipsius
1652 4456 1796 4535 loci
1853 4460 1930 4538 in
1986 4488 2206 4538 suum
2267 4479 2615 4540 revocent
2669 4461 3113 4540 dominium.
3175 4462 3576 4542 Ecclesiam

715 4613 889 4663 vero
951 4584 1027 4663 S.
1086 4585 1331 4662 Boniti
1395 4602 1471 4662 et
1509 4588 1989 4692 medietatem
2051 4589 2148 4668 de
2189 4591 2604 4684 Montilio³‚
2650 4621 2812 4698 quae
2869 4621 2988 4670 res
3029 4593 3379 4672 videntur
3418 4625 3576 4674 esse

713 4721 789 4796 in
824 4722 984 4799 aliis
1012 4723 1333 4813 vicariis,
1364 4751 1502 4830 pro
1542 4724 1965 4831 supradicto
1998 4754 2237 4816 censu,
2283 4726 2645 4834 quamdiu
2674 4727 3017 4820 vivimus,
3056 4729 3277 4810 ambo
3306 4730 3575 4808 identi-

801 4907 815 4936 ¹
865 4908 1188 4995 Frinqardis
1225 4908 1289 4973 B.
1330 4907 1428 4973 sed
1465 4909 1707 4974 inferius
1745 4912 2074 4997 Emenqar-
2313 4912 2332 4942 ²
2377 4912 2711 4974 Atiliacense
2739 4914 2879 4977 false
2907 4916 2973 4978 B.

711 5007 810 5070 dis.
1071 5073 1092 5090 l
2312 5016 2331 5046 ³
2376 5016 2665 5080 Mantellio
2691 5017 2805 5082 SG.
