4442 5769
902 567 1047 635 206
1918 556 2724 635 CHABTULARIUM

896 734 1039 810 Dei
1078 732 1385 809 nomine
1421 762 1438 808 ε
1472 729 1929 809 Gauzlenus¹
1962 746 2038 807 et
2068 754 2256 806 uxor
2285 754 2454 807 mea
2481 727 2838 834 Ranguis‚
2869 723 3499 805 consideravimus
3530 753 3740 803 amo-

896 892 1057 941 rem
1089 861 1408 940 coelestis
1442 860 1737 967 panias,
1767 877 1842 937 et
1881 860 1975 937 de
2014 859 2155 936 Dei
2192 857 2702 936 misericordia
2741 855 3238 944 confidentes,
3273 855 3609 933 cedimus
3645 855 3740 933 ad

889 997 1047 1102 jam
1085 993 1369 1071 dictum
1403 992 1656 1070 locum
1697 991 1825 1097 qui
1868 1007 1981 1067 est
2019 1007 2489 1067 consecratus
2520 988 2600 1064 in
2627 989 2994 1066 honorem
3024 984 3374 1065 videlicet
3397 986 3540 1065 Dei
3578 1012 3745 1064 om·-

898 1122 1306 1229 nipotentis
1368 1139 1445 1198 et
1495 1122 1569 1200 S.
1619 1120 1853 1208 Petri,
1901 1119 2373 1225 aliorumque
2433 1133 2891 1205 sanctorum,
2953 1115 3082 1194 uhi
3134 1117 3247 1194 vir
3304 1114 3744 1207 venerabilis

902 1253 1249 1333 Guerno²
1302 1251 1528 1330 abbas
1585 1278 1899 1356 praeessc
1926 1249 2261 1339 videtur,
2315 1248 2462 1326 hoc
2511 1264 2625 1325 est
2673 1275 3016 1325 mansum
3056 1262 3398 1325 nostrum
3437 1245 3571 1324 ubi
3609 1247 3748 1324 Er-

906 1384 1335 1490 memberga
1375 1398 1450 1457 et
1487 1379 1692 1458 filius
1722 1381 1885 1488 ejus
1922 1380 2318 1484 Roigerius
2355 1378 2489 1456 visi
2524 1395 2702 1456 sunt
2736 1406 3076 1467 manere,
3111 1378 3244 1484 qui
3285 1394 3398 1453 est
3433 1376 3516 1461 in
3553 1404 3745 1484 pago

905 1541 1177 1618 nempe
1218 1511 1711 1597 Limovicino‚
1767 1510 1847 1586 in
1892 1509 2156 1589 vicaria
2208 1509 2653 1597 Asnacense,
2708 1508 2789 1585 in
2837 1507 3011 1587 villa
3058 1506 3445 1605 Marciaco.
3491 1508 3744 1612 Ipsum

904 1671 1081 1720 vero
1137 1668 1481 1720 mansum
1521 1640 1677 1747 jam
1729 1639 2014 1717 dictum
2067 1667 2240 1716 cum
2286 1639 2546 1745 pratis,
2589 1637 2824 1729 silvis,
2881 1640 3098 1726 ortis,
3139 1638 3406 1726 vineis,
3453 1638 3632 1715 exiis
3671 1653 3750 1715 et

906 1773 1318 1879 regresm‘i5‚
1352 1799 1527 1848 cum
1563 1771 1785 1847 terris
1819 1768 2036 1847 cultis
2074 1787 2154 1848 et
2188 1769 2519 1859 incultis,
2553 1769 2885 1876 quaesitis
2923 1787 3000 1847 et
3033 1768 3630 1876 adinquirendis‚
3672 1785 3748 1845 et

907 1933 1080 1981 cum
1128 1901 1478 1980 omnibus
1527 1900 1625 1977 ad
1670 1927 1749 1977 se
1796 1899 2374 2006 pertinentibus,
2419 1916 2666 1979 totum
2712 1917 2788 1977 et
2835 1900 2932 1976 ad
2977 1900 3355 2008 integrum
3400 1899 3565 1976 Deo
3609 1897 3751 1975 sal-

906 2036 1137 2110 vatori
1197 2032 1538 2111 omnium
1590 2046 1689 2111 et·
1714 2029 1797 2109 S.-
1849 2030 2068 2109 Petro
2114 2028 2528 2108 offerimus.
2579 2031 3291 2137 Quantumcumque
3349 2028 3450 2107 ad
3499 2028 3752 2135 ipsum

907 2192 1246 2243 mansum
1294 2164 1554 2270 aspicit
1602 2178 1729 2238 aut
1774 2160 2102 2267 aspicere
2144 2161 2461 2251 videtur,
2503 2176 2746 2239 totum
2789 2178 2864 2238 et
2901 2161 2996 2240 ad
3043 2162 3415 2267 integrum
3431 2220 3449 2249 ‚
3493 2158 3752 2239 simili-

907 2313 1025 2371 ter
1076 2297 1151 2375 S.
1206 2294 1424 2369 Petro
1474 2292 1744 2380 offere,
1796 2289 1927 2368 tali
1983 2293 2272 2371 ratione
2337 2310 2423 2370 ut
2469 2292 2802 2399 quandiu
2850 2321 2989 2399 ego
3033 2291 3240 2370 solus
3295 2289 3751 2369 Gaunlenus⁸

912 2424 1255 2502 advixero
1275 2482 1292 2513 ‚
1341 2421 1891 2499 usufructuario
1934 2438 2263 2510 teneam,
2325 2440 2401 2501 et
2452 2425 2661 2500 annis
2709 2421 3050 2529 singulis,
3101 2439 3442 2527 tempore
3493 2422 3752 2499 messis

915 2583 996 2629 ac
1062 2552 1487 2639 vindemiae,
1546 2551 1901 2627 sextarios
1947 2579 2081 2628 sex
2135 2552 2332 2629 inter
2389 2580 2658 2657 panem
2701 2571 2775 2628 et
2827 2553 3081 2629 vinnm
3137 2551 3235 2629 de
3291 2580 3524 2630 censu
3579 2580 3753 2657 per·-

914 2684 1221 2767 solvam,
1271 2698 1442 2786 post
1496 2697 1819 2759 mortem
1884 2709 2060 2759 vero
2118 2709 2365 2759 meam
2433 2684 2514 2762 S.
2537 2684 2783 2761 Petro
2841 2702 3251 2773 remaneat,
3309 2684 3467 2762 sine
3521 2683 3753 2762 ullius

915 2815 1246 2892 hominis
1296 2811 1904 2892 contradictione.
1959 2812 2150 2890 Sane
2202 2813 2265 2889 si
2314 2814 2546 2921 quis,
2579 2838 2760 2921 ego
2749 2813 2892 2892 vel·
2939 2842 3124 2893 uxor
3175 2794 3341 2892 inca
3391 2830 3521 2894 aut
3558 2814 3758 2894 ullus

914 2947 1135 3022 heres
1177 2943 1290 3020 vel
1343 2942 1811 3048 propinquus
1857 2960 2132 3032 nostem,
2177 2961 2316 3021 aut.
2350 2943 2568 3022 ulla
2533 2944 2876 3023 immissa
2925 2972 3244 3052 persona
3289 2974 3454 3052 quae
3501 2963 3755 3024 contra

914 3076 1105 3153 hanc
1164 3075 1579 3152 cessionem
1622 3072 1851 3151 uliam
1901 3073 2358 3154 calumniam
2405 3101 2756 3181 generare
2815 3074 3167 3165 voluerit,
3224 3078 3600 3156 tremendi
3631 3079 3760 3184 ju-

917 3205 1100 3283 dicis
1140 3207 1331 3282 circa
1369 3233 1448 3283 se
1478 3209 1749 3282 sentiat
1788 3206 2149 3311 exagitare
2187 3205 2524 3284 furorem
2563 3226 2638 3285 et
2670 3209 2752 3285 B.
2781 3208 2990 3283 Petri
3033 3208 3520 3315 omniumque
3547 3235 3762 3285 sanc·

914 3352 1201 3424 torum,
1244 3322 1733 3439 omniumque
1785 3333 2194 3412 coelestium
2242 3336 2595 3414 virtutum
2650 3335 3116 3445 agminibus²
3165 3339 3490 3416 incurrat
3534 3339 3753 3430 iram3

918 3465 1076 3540 haec
1129 3481 1381 3542 autem
1430 3466 1663 3541 cessio
1709 3465 2141 3544 inconvulsa
2186 3485 2626 3572 permaneat
2671 3497 2842 3546 cum
2905 3469 3380 3576 stipulatione
3422 3470 3753 3550 subnixa.

915 3595 1211 3669 Factam
1254 3595 1665 3672 cessionem
1706 3594 1900 3672 hanc
1936 3596 2014 3671 in
2062 3624 2321 3675 mense
2360 3598 2781 3690 novembri,
2815 3619 3170 3709 regnante
3219 3603 3520 3680 Loterio
3557 3631 3754 3709 rege.

920 3724 997 3801 S.
1036 3722 1391 3802 Gauzleni
1434 3742 1509 3801 et
1546 3726 1796 3804 uxoris
1835 3755 1985 3805 suae
2023 3728 2350 3836 Ranguis
2398 3729 2528 3836 qui
2578 3730 2772 3808 hanc
2805 3731 3214 3810 cessionem
3253 3732 3473 3810 scribi
3514 3732 3762 3811 firma—

918 3856 1132 3961 rique
1174 3875 1633 3964 rogaverunt.
1680 3858 1755 3936 S.
1801 3858 2221 3938 Gauzberti.
2267 3860 2342 3937 S.
2387 3861 2744 3939 Rainaldi.
2794 3864 2869 3940 S.
2912 3863 3395 3942 Constantini.
3443 3865 3520 3942 S.
3564 3864 3760 3942 Ade-

919 3987 1129 4063 mari.
1174 3987 1247 4066 S.
1298 3988 1678 4064 Bernardi.

1006 4225 1023 4255 ¹
1069 4227 1246 4288 Forte
1283 4228 1442 4289 idem
1481 4230 1612 4311 qui.
1646 4228 1757 4289 sub
1789 4228 2065 4290 Lethario
2094 4250 2230 4311 rege
2247 4276 2261 4298 ,
2415 4229 2540 4313 968
2565 4229 2781 4294 floruit.
2805 4229 2954 4295 Vide
2983 4255 3156 4317 supra
3185 4233 3366 4295 chart.
3390 4255 3500 4300 Lxx
3516 4283 3530 4302 ,
3555 4247 3675 4296 not.
3703 4256 3758 4296 a.

919 4327 1171 4390 Get-aldo
1201 4341 1261 4391 et
1280 4330 1584 4391 Bernardo
1608 4330 1783 4393 simul
1812 4331 2144 4401 abbatibus,
2168 4332 2264 4392 do·
2501 4331 2523 4362 ⁸
2565 4334 2686 4417 Ego
2722 4335 2866 4395 solas
2901 4335 3238 4397 camber-eas
3268 4335 3381 4399 SG.

920 4452 1064 4490 num
1089 4431 1224 4492 fecit
1251 4432 1342 4493 ch.
1376 4453 1574 4494 cxxxV.
2179 4444 2189 4462 ¹
2501 4432 2520 4466 ⁴
2568 4434 2932 4519 Omniumque
2963 4437 3253 4500 calatium
3287 4442 3552 4501 virtulum
3590 4443 3762 4524 aymi-

1009 4532 1026 4561 ²
1057 4531 1294 4596 Guerno
1342 4535 1522 4597 abbas
1572 4536 1741 4596 annis
1788 4535 2001 4606 saltem
2033 4535 2153 4618 967
2209 4547 2270 4596 et
2425 4537 2578 4599 nibus
2607 4538 2820 4601 desunt
2843 4541 2911 4604 B.
