4442 5769
1383 602 2026 679 MONASTERII·
2085 603 2218 675 DE
2282 601 2919 677 BELLOLOCO.
3353 642 3360 650 ·
3432 606 3572 677 119

723 770 866 862 ibi,
907 768 989 846 in
1026 765 1173 847 alio
1208 766 1412 857 1000,
1459 766 1540 842 in
1580 765 1769 844 urbe
1805 763 2240 856 caturcino,
2280 764 2358 841 in
2390 762 2573 841 valle
2614 762 3044 853 Exidense¹‚
3092 763 3175 839 in
3211 764 3376 843 villa
3411 795 3575 872 quae

726 900 1001 981 dicitur
1026 897 1362 981 Alariaco
1379 957 1399 986 ‚
1427 897 1674 975 vineas
1701 923 1907 977 meas
1922 957 1941 987 ,
1975 913 2669 1003 quantumcumque
2697 894 2800 973 ibi
2836 895 3133 1003 genitor
3159 922 3374 975 meus
3397 899 3576 976 Rot—

721 1034 980 1113 bertus
1032 1030 1233 1113 visus
1285 1028 1428 1107 fuit
1477 1028 1792 1118 habere,
1845 1044 2091 1106 totum
2131 1044 2207 1106 et
2252 1029 2348 1107 ad
2388 1022 2768 1134 integrum
2788 1087 2807 1117 ‚
2850 1027 2947 1104 ad
2986 1027 3235 1134 ipsum
3260 1022 3264 1035 ’
3285 1058 3577 1109 sacrum

723 1165 1012 1255 iocum,
1043 1179 1200 1243 tam
1236 1188 1586 1241 mansum
1627 1189 1760 1239 seu
1798 1161 2080 1250 vineas,
2112 1188 2250 1267 per
2286 1161 2483 1241 hanc
2521 1177 2791 1238 cartam
2830 1159 3217 1249 cessionis,
3258 1162 3355 1239 ad
3388 1161 3581 1241 inte-

723 1322 943 1403 grum
971 1294 1079 1372 ibi
1113 1294 1335 1383 cedo,
1380 1320 1467 1372 ea
1501 1292 1791 1373 ratione
1829 1310 1917 1371 ut
1957 1292 2407 1382 dummodo,
2440 1292 2693 1399 quoad
2726 1320 2864 1399 ego
2892 1292 3176 1383 vixero,
3209 1321 3379 1372 mea
3404 1323 3577 1402 pos-

725 1428 962 1508 sessio
989 1453 1384 1534 nunquam
1410 1424 1777 1516 discedat,
1810 1424 1989 1503 sed2
2019 1408 2110 1501 =in
2136 1451 2481 1516 censum,
2519 1441 2844 1532 quatuor
2877 1427 3231 1503 sextarios
3270 1427 3369 1504 de
3406 1426 3578 1503 vino

724 1557 1184 1638 annualiter-'⁵
1223 1557 1318 1637 ad
1370 1557 1574 1664 ipsos
1619 1555 2027 1637 monachos
2070 1556 2376 1646 εοίναῑῐι,
2434 1574 2509 1634 et
2549 1574 2735 1663 post*
2756 1556 3050 1636 obitum
3100 1585 3388 1648 meum,
3438 1560 3579 1665 ipsi

724 1691 963 1771 mansi
988 1690 1107 1768 vel
1134 1691 1312 1797 ipsae
1331 1690 1564 1779 vineae
1590 1690 1687 1768 ad
1716 1691 1963 1796 ipsum
1994 1716 2287 1767 sacrum
2317 1685 2569 1766 locum
2592 1689 2679 1766 in
2703 1686 3084 1797 integrum
3115 1709 3575 1781 remaneantg

728 1839 804 1899 et
837 1820 1111 1901 faciant
1146 1820 1289 1929 ipsi
1336 1838 1663 1900 rectores
1703 1821 1800 1898 de
1849 1819 2029 1929 ipsis
2068 1819 2299 1899 rebus
2337 1820 2529 1899 sicut
2569 1819 2665 1899 de
2704 1818 2873 1901 aliis
2906 1820 3135 1899 rebus
3165 1821 3242 1900 S.
3278 1823 3480 1899 Petri
3508 1842 3583 1902 et

727 1952 804 2030 S.
831 1951 1254 2031 Felicitatis.
1284 1953 1381 2030 Et
1399 1951 1463 2030 si
1482 1952 1684 2058 quis,
1716 1979 1856 2060 ego
1878 1952 2071 2057 ipse,
2106 1967 2236 2029 aut
2247 1950 2454 2029 ullus
2481 1951 2576 2029 de
2602 1951 3013 2030 heredibus
3030 1953 3250 2043 meis,
3276 1972 3406 2032 aut
3427 1954 3581 2032 ulla

725 2084 1053 2165 immissa
1079 2110 1430 2191 persona,
1472 2111 1640 2191 quae
1672 2100 1934 2162 contra
1967 2082 2168 2191 ipsos
2194 2082 2604 2161 monachos
2628 2083 2746 2161 vel
2780 2087 3197 2162 cessionem
3227 2085 3442 2164 istam
3471 2088 3580 2162 ire

725 2214 840 2292 vel
877 2216 1295 2322 inquietare
1343 2214 1928 2322 praesumpserit,
1974 2213 2124 2293 hoc
2170 2216 2240 2293 ei
2285 2240 2441 2293 non
2482 2213 2707 2294 liceat
2739 2215 3146 2305 vindicare,
3194 2218 3337 2295 sed
3379 2246 3584 2297 com-

725 2366 962 2451 ponat
979 2346 1190 2454 quod
1213 2374 1480 2425 eorum
1507 2346 1948 2425 immunitas
1962 2375 2101 2453 per
2125 2346 2523 2425 decretum·
2544 2348 2741 2455 regis
2772 2348 3079 2439 edocet.
3102 2367 3178 2427 et
3208 2352 3416 2458 quod
3453 2378 3587 2457 pe-

725 2474 818 2552 tit
854 2503 1008 2554 non
1035 2476 1407 2567 ⁸vindicet,
1450 2477 1585 2555 sed
1621 2503 1944 2585 praesens
1978 2478 2213 2557 cessio
2236 2478 2381 2557 'ista
2415 2480 2621 2557 omni
2646 2479 2898 2586 quieta
2925 2497 3266 2588 tempore
3294 2510 3587 2588 perma-

726 2622 900 2683 neat
952 2606 1459 2713 stipulatione·
1487 2609 1822 2688 subnixa.
1875 2611 2098 2687 Facta
2147 2611 2481 2689 cessione
2532 2610 2669 2689 ista
2714 2611 2796 2688 in
2849 2639 3109 2690 mense
3161 2613 3543 2691 decembri
3564 2676 3580 2704 ‚

728 2764 924 2815 anno
946 2737 1303 2845 vigesimo
1324 2756 1531 2820 sexto
1561 2757 1922 2850 regnante
1955 2741 2268 2821 domino
2297 2758 2557 2821 nostro
2582 2741 2856 2821 Karolo
2878 2750 3117 2852 rege⁴.
3143 2743 3220 2823 S.
3243 2744 3584 2824 Rotberti

697 2854 859 2975 ¹qui
900 2869 1314 2950 cessionem
1351 2871 1572 2950 istam
1607 2870 1773 2951 fieri
1810 2873 2117 2981 rogavit.
2159 2874 2234 2954 S.
2274 2870 2661 2953 Andraldi.
2668 2856 2772 2953 S.
2807 2874 3100 2954 Umidi.
3146 2875 3221 2955 S.
3260 2875 3580 2957 Aicardi.

730 2998 805 3078 S.
840 2999 1241 3109 Adalgarii.
1273 3003 1350 3081 S.
1382 3003 1725 3082 Ebrardi.
1760 3005 1837 3084 S.
1861 3004 2177 3084 Galsani.
2204 3006 2283 3085 S.
2313 3006 2701 3084 Franconi.
2731 3006 2805 3084 S.
2834 3006 3309 3116 Bertelaigui.
3340 3011 3418 3089 S.
3453 3012 3587 3089 Sa-

730 3130 1021 3211 muelis.
1052 3133 1132 3212 S.
1172 3134 1419 3212 Jonas.
1456 3133 1532 3212 S.
1565 3135 1894 3216 Dodoni.

2030 3637 2287 3714 LXIX.

887 3839 1158 3922 [Donum
1179 3841 1408 3925 Aguani
1432 3855 1489 3904 et
1503 3842 1938 3928 Rangberganae
1952 3892 1966 3916 ,
1990 3845 2067 3907 de
2085 3846 2356 3932 plurimis
2377 3849 2440 3909 in
2461 3845 2662 3911 Calme
2682 3860 2740 3911 et
2758 3851 3230 3914 Montemediano
3252 3854 3436 3934 villa.]

843 4046 1159 4153 Oportet
1203 4073 1824 4160 unumquemque
1874 4054 1970 4131 de
2016 4049 2345 4134 terrenis
2385 4056 2486 4134 ad
2529 4057 2850 4137 coelestia
2888 4078 2966 4139 et
3007 4061 3100 4138 de
3151 4064 3448 4143 caducis
3496 4064 3591 4140 ad
3730 4087 3847 4140 san.
3869 4105 3997 4157 909.

730 4203 1076 4256 mansura
1111 4181 1452 4272 transire,
1487 4210 1582 4261 ne
1620 4184 1811 4264 forte
1852 4213 2058 4265 mors
2093 4188 2497 4295 improvisa
2538 4190 2868 4298 aliquem
2905 4193 3349 4300 imparatum
3392 4197 3594 4275 inve-
3822 4213 3894 4222 ““

733 4306 914 4398 niat,
937 4336 1021 4386 ac
1059 4309 1220 4388 sine
1249 4310 1424 4390 ullo‘
1447 4331 1787 4420 respectu
1826 4315 2094 4395 divinae
2129 4318 2427 4425 pietatis
2466 4320 2559 4399 ab
2595 4322 2747 4399 hoc
2761 4323 3032 4401 saeculo
3052 4316 3588 4408 discedentem.
3632 4293 4067 4426 ΒῬὲῨξῘῗὲξζω

734 4437 1249 4532 Quamobrem
1303 4470 1444 4520 nos
1503 4445 1704 4523 enim
1767 4447 1848 4525 in
1907 4448 2184 4528 Christi
2242 4453 2549 4534 nomine
2609 4454 2953 4562 Aguanus
3011 4474 3087 4534 et
3142 4485 3333 4536 uxor
3379 4467 3588 4552 mea,

731 4569 1167 4678 Rangberga
1206 4574 1549 4664 nomine,
1596 4578 2227 4660 consideravimus
2281 4611 2611 4662 amorem
2656 4586 2969 4665 coelestis
3018 4589 3312 4695 patriae,
3378 4610 3451 4670 et
3498 4596 3592 4672 de

731 4699 872 4778 Dei
912 4699 1423 4782 misericordia
1463 4704 1948 4802 confidenteS,
1981 4714 2324 4832 ced-imus
2362 4743 2480 4792 res
2510 4701 2987 4822 proprietatis
3016 4739 3281 4799 nostrae
3310 4725 3404 4801 ad
3433 4754 3595 4803 mo-

821 4883 1198 4951 ¹Exindam
1217 4888 1333 4954 SG.
2321 4900 2730 4963 ε’ῙῘιιιιιιὶηιιἹοι-
2754 4901 2866 4966 SG.
2899 4903 3075 4966 Deest
3101 4906 3167 4968 B.

821 4985 1010 5049 ‘Una
1035 5012 1157 5052 cum
1175 5014 1285 5076 pro
1304 4993 1444 5055 sed'
1426 5017 1482 5056 tn
1510 4996 1577 5057 B.
1610 5008 1667 5057 et
1693 4996 1758 5057 C.
2039 5039 2046 5046 ·
2328 5003 2349 5034 ⁶
2388 5003 2595 5067 Cal-olo
2619 5007 3030 5090 cognominato
3059 5007 3250 5070 Calvo.
