4442 5769
1404 597 2035 674 MONASTERII
2099 600 2232 673 DE
2289 600 2917 676 BELLOboco.
3433 602 3574 674 201

612 856 618 862 ,
750 790 903 850 tam
940 774 1082 880 ipsi
1120 797 1345 881 quam
1384 797 1847 850 successores
1884 798 2147 848 eorum
2187 768 2453 848 faciant
2481 770 2653 876 jure
2694 768 3188 850 ecclesiastico
3224 769 3587 877 quicquid

751 904 1106 1010 elegerint
1143 902 1303 980 sine
1342 898 1497 978 ullo
1548 901 2128 982 contradicente.
2176 900 2292 979 De
2330 897 2903 1004 repetitionibus
2941 926 3170 1008 vero.»
3193 898 3400 1005 quod
3441 899 3583 976 mi·-

747 1033 953 1110 nime
984 1033 1389 1120 credimus,
1422 1031 1484 1107 si
1516 1056 1655 1109 nos
1683 1030 1826 1137 ipsi
1854 1030 2248 1110 immutata
2275 1029 2644 1107 voluntate
2677 1046 2958 1116 nostra,
2992 1044 3120 1114 aut
3139 1027 3339 1106 ullus
3367 1027 3585 1108 heres

747 1150 999 1241 nester
1035 1162 1164 1270 qui
1202 1177 1463 1240 contra
1510 1160 1703 1238 hanc
1743 1162 2153 1240 cessionem
2195 1161 2307 1238 ire
2357 1159 2472 1238 vel
2509 1187 2724 1267 agere
2774 1158 2889 1235 vel
2938 1158 3353 1264 inquietare
3403 1189 3587 1268 prae-

749 1293 1182 1398 sumpserit‚
1243 1318 1393 1369 non
1444 1291 1680 1368 valeat
1728 1291 2133 1382 vindicare,
2192 1290 2325 1370 sed
2393 1290 2697 1396 insuper
2765 1305 3166 1395 componat.
3212 1290 3333 1366 cui
3383 1291 3588 1368 litem

753 1422 1081 1501 intulerit
1136 1438 1427 1500 tantum
1496 1438 1573 1498 et
1626 1420 1829 1498 aliud
1887 1438 2176 1499 tantum
2245 1437 2611 1527 quantum
2657 1421 2830 1525 ipsae
2885 1447 3005 1496 res
3041 1418 3352 1527 ulloque
3399 1438 3588 1497 tem-

753 1582 936 1658 pore
974 1553 1376 1632 melioratae
1421 1552 1822 1643 valuerint‚
1880 1570 1954 1630 et
2001 1551 2209 1659 quod
2253 1550 2444 1629 male
2482 1549 2669 1656 petit
2704 1548 3073 1627 vindicare
3126 1578 3282 1630 non
3321 1550 3587 1642 valeat;

751 1685 886 1761 sed
923 1711 1246 1790 praesens
1285 1683 1519 1760 cessio
1560 1682 1693 1760 ista
1736 1682 1947 1760 firma
1992 1700 2069 1760 et
2108 1681 2391 1762 stabilis
2430 1697 3065 1787 permaneatcum
3115 1679 3589 1786 stipulatione

753 1812 1084 1889 subnixa.
1131 1815 1347 1890 Facta
1388 1830 1498 1890 est
1534 1813 1690 1890 haec
1739 1813 1972 1891 cessio
2013 1812 2091 1888 in
2138 1839 2397 1890 mense
2436 1810 2743 1900 martie,
2789 1838 2984 1887 anno
3030 1836 3178 1888 vnn
3212 1810 3422 1917 quod
3459 1812 3594 1888 Ka-

754 1941 997 2019 rolus⁴
1035 1972 1163 2019 rex
1196 1944 1417 2048 coepit
1444 1970 1776 2048 regnare.
1822 1943 1898 2022 S.
1932 1941 2215 2048 Alpais⁵
2247 1941 2563 2024 feminae.
2596 1942 2674 2020 S.
2707 1938 3068 2019 odolrici.
3107 1942 3184 2019 S.
3217 1940 3587 2018 Amalrici.

755 2072 829 2149 S.
860 2072 1267 2149 Lantberti.
1294 2073 1369 2150 S.
1400 2070 1815 2159 Gotafredi,
1844 2071 2173 2150 filiorum
2210 2072 2404 2177 ejus,
2438 2071 2566 2178 qui
2600 2071 3010 2151 cessionem
3042 2072 3255 2150 istam
3285 2073 3444 2150 fieri
3476 2073 3591 2152 vel

752 2199 1144 2279 adfirmare
1184 2219 1642 2309 rogaverunt.

2014 2779 2333 2856 CXLVI.

1634 3005 1878 3068 Brevem
1908 3025 2086 3088 quem
2115 3005 2252 3066 feeit
2273 3004 2415 3066 Aico
2443 3005 2501 3067 S.
2535 3005 2752 3067 Petro¹.

870 3253 1025 3358 Ego
1066 3252 1142 3326 in
1181 3249 1322 3327 Dei
1361 3248 1664 3327 nomine
1704 3246 1919 3336 Aion,
1959 3275 2095 3353 pro
2135 3246 2476 3324 remedio
2516 3247 2775 3325 animae
2803 3274 2991 3325 meae
3019 3246 3321 3324 dimitto
3354 3247 3430 3326 S.
3461 3248 3594 3325 Pe·
3660 3266 3785 3318 sm.
3811 3281 3840 3317 x
3868 3281 3961 3318 seu
3983 3222 4066 3316 xus

756 3399 907 3469 tro,
951 3380 1041 3457 ad
1084 3379 1639 3458 monasterium.
1660 3377 2022 3466 Bellilcci‚
2058 3378 2346 3455 vineam
2389 3406 2632 3454 meam
2664 3406 2828 3485 quae
2856 3394 3061 3458 tenet
3091 3377 3186 3457 ad
3216 3406 3442 3485 opera
3470 3406 3593 3456 sex
3747 3450 3972 3505 n.p.1s³.

756 3511 1191 3587 denariatas.
1232 3508 1364 3587 Est
1402 3508 1628 3619 igitur
1662 3508 1820 3616 ipsa
1855 3509 2067 3586 vinea
2110 3508 2474 3587 medietas
2522 3508 2615 3585 de
2663 3537 2816 3587 uno
2869 3508 3114 3589 clauso
3167 3509 3296 3617 qui
3354 3528 3465 3589 est
3519 3511 3596 3587 in
3721 3524 3802 3568 ⁸⁶·
3830 3540 3874 3582 1·-
3899 3527 3999 3568 υθ-

688 3638 695 3649 ’
758 3639 940 3718 orbe
977 3641 1401 3730 Canu-cino,
1446 3641 1524 3717 in
1557 3638 1897 3747 locgqui
1937 3659 2236 3719 vocatur
2282 3640 2866 3733 Montaniacus23
2903 3659 2977 3719 et
3022 3641 3253 3723 habet
3285 3640 3473 3720 fines
3513 3671 3599 3721 ex
3742 3600 3790 3642 c.
3814 3616 3856 3656 μ’
3887 3602 3984 3644 ω’

754 3798 901 3848 una
927 3788 1132 3877 parte
1164 3788 1437 3848 terram
1464 3771 1697 3877 ipsius
1723 3771 1791 3848 S.
1822 3769 2053 3859 Petri,
2077 3798 2165 3848 ex
2193 3770 2336 3849 alia
2361 3789 2633 3848 terram
2663 3771 3017 3879 Stephani
3049 3773 3144 3851 de
3170 3772 3559 3853 Mulsoche
3577 3835 3595 3862 ,

759 3919 835 3977 et
879 3930 961 3979 ex
1004 3901 1143 3979 alia
1193 3903 1385 3980 viam
1426 3902 1852 4009 publicam3
1902 3900 2032 3979 tali
2083 3902 2367 3980 ratione
2418 3920 2505 3979 ut
2551 3920 2932 4009 assumpto
2987 3903 3277 3983 duabus
3316 3904 3599 3983 vicibus

759 4030 1103 4109 monachi
1163 4031 1484 4109 fructum
1501 4090 1519 4120 ‚
1573 4032 1719 4113 sint
1771 4030 2000 4138 parati
2055 4030 2188 4108 filii
2250 4031 2402 4117 mei
2454 4029 2825 4110 Geraldus
2880 4049 2952 4110 et
3004 4031 3460 4121 Odolricus⁸‚
3523 4034 3598 4111 in

758 4185 809 4234 11
849 4189 1037 4238 anno
1082 4160 1483 4240 Garnerius
1524 4180 1598 4237 et
1634 4159 2086 4267 Stephanus,
2134 4178 2223 4239 ut
2259 4161 2579 4242 reddant
2626 4188 2716 4239 xx
2768 4161 3047 4241 solidos
3095 4164 3170 4239 in
3215 4161 3338 4238 die
3377 4161 3601 4241 missa

758 4289 833 4366 S.
877 4292 1211 4382 Martini3
1250 4309 1325 4368 et
1366 4292 1472 4368 sic
1506 4292 2071 4397 ipsamvineam
2111 4292 2189 4368 in
2228 4287 2442 4369 stiffi
2475 4308 2819 4369 revocent
2853 4307 3320 4397 potestatem.
3365 4292 3491 4380 Et,
3535 4292 3598 4368 si

756 4420 860 4497 illi
914 4450 1065 4499 non
1111 4422 1507 4501 habuerint
1548 4422 1921 4512 denarios,
1979 4423 2137 4530 ipsa
2183 4424 2395 4500 vinea
2440 4424 2538 4501 sit
2586 4423 2660 4501 S.
2707 4423 2928 4499 Petro
2980 4423 3057 4498 in
3108 4439 3594 4528 perpetuum,

844 4633 863 4662 ⁸
907 4586 1177 4704 Carolus,
1211 4646 1601 4716 cognomento
1624 4634 1896 4718 Simplex.
2350 4635 2368 4663 ⁸
2403 4633 2575 4718 Alpes
2589 4634 2782 4694 axoris
2806 4654 2919 4694 sae
2936 4632 3076 4695 false
3095 4634 3160 4696 B.
3165 4635 3394 4716 senune
3410 4632 3593 4698 deest.

850 4868 861 4895 ¹
907 4868 1135 4929 Bmem
1169 4888 1324 4950 quem
1346 4868 1493 4951 fecit
1522 4881 1750 4930 uncum
1776 4866 1918 4930 Aico
1940 4867 2055 4930 SG.
2346 4869 2365 4897 ³
2412 4866 2704 4929 adalricus
2730 4865 2844 4931 SG.

844 4969 862 4997 ²
911 4969 1277 5031 Mantiniacus
1302 4971 1368 5032 B.

3245 5115 3311 5167 26
