4442 5769
1373 612 2008 687 MONASTERII
2076 607 2208 684 DE
2271 606 2906 684 BELLOLOCO.
3088 648 3107 667 ι
3428 611 3568 679 117
3662 626 3691 651 ·

721 815 911 895 pago
951 787 1338 863 Tornense
1353 790 1402 873 ⁵,
1463 784 1539 861 in
1586 784 1850 860 vicaria
1896 781 2310 860 Asnacense
2331 842 2348 870 ‚
2401 782 2482 858 in
2521 780 2686 858 loco
2727 780 2939 884 cujus
2976 777 3423 855 vocabulum
3463 794 3575 854 est

720 917 1172 997 Bonavallis⁶
1197 943 1582 995 :mansum
1606 913 1739 993 ubi
1766 913 2202 1022 Adalgarius
2221 913 2421 991 visus
2447 910 2592 990 fuit
2620 937 2958 998 manere,
2991 925 3067 985 et
3096 908 3332 985 alium
3363 937 3575 985 man-

723 1078 891 1127 sum
928 1046 1065 1126 ubi
1122 1047 1375 1127 Solius
1421 1048 1618 1126 visus
1658 1063 1768 1125 est
1804 1073 2132 1123 manere.
2171 1038 2272 1121 Et
2319 1044 2397 1120 in
2435 1044 2598 1149 ipso
2644 1040 2815 1119 loco
2836 1100 2853 1128 ,
2901 1038 3240 1117 cedimus
3285 1040 3573 1117 vineam

723 1197 1077 1270 nostram3
1113 1196 1189 1256 et
1226 1176 1455 1256 habet
1489 1176 1683 1256 fines
1719 1179 1878 1285 ipsa
1911 1177 2155 1266 vinea,
2189 1175 2285 1253 de
2322 1202 2480 1252 uno
2515 1173 2744 1251 latere
2773 1189 3051 1249 terram
3092 1171 3168 1248 S.
3203 1168 3400 1251 Betri
3421 1232 3438 1261 ‚
3481 1172 3574 1247 de

724 1310 869 1388 alio
911 1309 1456 1388 latere-terram
1502 1306 1921 1386 vicarialem
1938 1316 1987 1398 ⁷,
2034 1307 2131 1383 de
2168 1306 2390 1382 tertio
2440 1304 2671 1383 latere
2709 1319 2986 1379 terram
3030 1301 3426 1390 Bernardi,
3482 1300 3576 1378 de

723 1458 989 1548 quarto
1034 1441 1268 1518 latere
1303 1458 1581 1519 terram
1627 1438 2002 1517 Aimerici.
2046 1438 2192 1515 Ista
2250 1464 2425 1513 vero
2466 1434 2720 1512 omnia
2766 1433 3108 1540 superius
3157 1433 3571 1522 nominata,

725 1600 901 1650 cum
938 1572 1195 1664 terris,
1231 1599 1401 1648 cum
1440 1570 1698 1677 prati8‚
1734 1598 1908 1647 cum
1943 1569 2102 1675 ipsa
2127 1569 2377 1657 vinea,
2414 1584 2491 1643 et
2518 1580 2887 1672 quantum
2918 1564 3015 1643 ad
3049 1565 3251 1672 ipsos
3278 1593 3576 1661 mansos

725 1704 985 1809 aspicit
1038 1721 1170 1781 aut
1217 1704 1541 1809 aspicere
1595 1701 1911 1791 videtur,
1964 1716 2212 1778 totum
2276 1716 2352 1776 et
2408 1698 2506 1775 ad
2560 1697 2967 1805 integrum,
3019 1697 3185 1775 Deo
3234 1696 3573 1775 salvatori

725 1834 1068 1911 omnium
1106 1849 1184 1910 et
1210 1834 1287 1912 S.
1328 1835 1547 1911 Petro
1588 1832 2004 1923 offerimus,
2048 1833 2128 1909 in
2154 1830 2545 1937 stipendiis
2586 1847 2659 1907 et
2700 1828 2958 1907 usibus
2994 1829 3571 1921 monachorum,

725 1994 810 2041 ea
839 1965 1148 2071 quidem
1177 1965 1467 2043 ratione
1494 1983 1614 2053 ut,
1645 1964 1982 2073 quandiu
2011 1991 2151 2072 ego
2176 1965 2417 2040 Immo
2445 1961 2824 2053 advixem,
2854 1959 3575 2039 usumfructuarium

721 2114 1043 2187 teneam,
1069 2115 1145 2175 et
1173 2097 1383 2174 annis
1411 2096 1746 2203 singulis,
1770 2114 2111 2204 tempore
2135 2094 2552 2182 vindemiae,
2578 2093 2673 2171 de
2695 2120 2927 2173 censu
2944 2093 3023 2168 in
3037 2093 3206 2169 vino
3228 2093 3572 2172 modium

725 2257 966 2305 unum
1016 2228 1474 2336 persolvam3
1527 2246 1635 2317 et,
1679 2229 1740 2306 si
1787 2228 1883 2306 de
1934 2227 2098 2335 ipso
2145 2254 2374 2306 censu
2423 2225 2810 2333 negligens
2850 2224 3102 2311 fuero,
3160 2226 3575 2303 secundum

727 2359 970 2466 legem
1013 2360 1461 2449 ‘emendem3
1505 2377 1677 2465 post
1731 2387 1985 2436 meum
2036 2342 2341 2465 quoque
2396 2357 2810 2445 dicessum,
2864 2374 3193 2435 rectores
3235 2358 3576 2464 ejusdem

725 2489 868 2566 loci
910 2491 989 2568 in
1036 2502 1262 2568 suam*
1299 2507 1651 2569 revocent
1677 2507 2157 2598 potestatem,
2214 2488 2495 2595 absque
2533 2488 2759 2566 ullius
2795 2488 3124 2565 hominis
3165 2488 3577 2566 contradic-

723 2622 954 2699 tione.
988 2622 1178 2700 Sane
1206 2622 1267 2701 si
1300 2623 1468 2730 quis
1486 2682 1504 2711 ‚
1547 2621 1666 2699 vel
1690 2650 1828 2699 nos
1854 2622 2458 2729 ipsi,.immutata
2485 2619 2863 2698 voluntate
2884 2637 3134 2696 nostra
3154 2681 3170 2707 ‚
3217 2638 3348 2697 aut
3375 2620 3578 2698 ullus

727 2753 821 2830 de
849 2751 1265 2834 heredibus
1293 2752 1562 2831 nostris
1602 2752 1716 2831 vel
1743 2753 2218 2860 propinquis,
2251 2768 2382 2829 aut
2400 2749 2553 2830 ufla
2580 2751 2911 2829 immissa
2939 2779 3251 2857 persona
3268 2815 3285 2841 ,
3323 2771 3576 2830 contra

724 2883 919 2962 hanc
937 2886 1351 2962 cessionem
1381 2883 1612 2962 ullam
1643 2883 2090 2962 calumniam
2109 2911 2468 2990 generare
2489 2882 3073 2988 praesumpserit,
3101 2910 3252 2960 non
3272 2882 3343 2960 ei
3363 2882 3584 2962 liceat

723 3016 1100 3094 vindicare
1120 3074 1138 3103 ‚
1182 3016 1318 3094 sed
1344 3016 1652 3122 insuper
1688 3031 2090 3121 componat
2119 3015 2240 3091 cui
2283 3012 2495 3091 litem
2528 3011 2865 3094 intulerit
2910 3029 3204 3090 tantum
3257 3031 3331 3090 et
3377 3014 3629 3091 aliud·

724 3164 1015 3225 tantum
1037 3152 1064 3195 ⁸
1100 3162 1471 3254 quantum
1513 3145 1688 3252 ipsae
1727 3174 1860 3222 res.
1883 3144 2195 3251 ulloque
2236 3161 2578 3248 tempore
2621 3143 3023 3220 melioratae
3068 3143 3468 3233 valuerint,
3512 3163 3587 3222 et

725 3279 935 3385 quod
974 3279 1162 3385 petit
1192 3306 1345 3356 non
1375 3277 1732 3366 vindicet,
1775 3277 1907 3354 sed
1946 3303 2270 3384 praesens
2301 3274 2535 3353 cessio
2569 3275 2704 3351 ista
2732 3273 2947 3351 firma
2989 3291 3065 3350 et
3091 3274 3375 3351 stabilis
3413 3304 3586 3382 per-

725 3427 1020 3486 maneat
1061 3436 1232 3487 cum
1287 3408 1766 3515 stipulatione
1804 3408 2141 3486 subnixa.
2174 3408 2471 3484 Factam
2510 3407 2703 3483 hanc
2741 3406 3161 3483 cessionem
3210 3407 3286 3482 in
3330 3435 3587 3485 mense

724 3540 1171 3646 septembri,
1223 3567 1417 3618 anno
1466 3528 1732 3648 quinto
1781 3557 2134 3648 regnante
2183 3538 2518 3616 Rodulfo
2563 3566 2736 3646 rege
2780 3540 3260 3616 Francorum.
3309 3539 3387 3617 S.
3438 3542 3589 3616 Im-

724 3670 1011 3748 monis⁹
1041 3688 1118 3749 et
1150 3671 1401 3749 uxoris
1431 3700 1583 3758 suae
1611 3670 2090 3779 Itisburgisw,
2132 3672 2265 3777 qui
2306 3671 2721 3748 cessionem
2761 3671 2976 3747 istam
3016 3668 3179 3746 fieri
3216 3669 3333 3748 vel
3367 3672 3590 3749 adfir-

725 3803 915 3881 mari
955 3821 1425 3911 rogaverunt.
1471 3804 1546 3883 S.
1589 3802 1953 3882 Rotberti.
1995 3802 2072 3881 S.
2101 3799 2477 3882 Matfredi.
2522 3802 2599 3880 S.
2643 3800 3074 3879 Adalrandi.

813 4014 832 4044 ⁸
885 4014 1166 4079 Tor-inemo
1193 4014 1309 4079 SG.
1625 4079 1629 4083 ,
2179 3985 2183 3994 ³
2320 4014 2338 4044 ⁸
2388 4015 2459 4075 Et
2487 4012 2646 4075 aliud
2675 4025 2881 4074 tantam
2911 4015 3124 4075 desunt
3154 4015 3220 4075 B.

812 4117 833 4147 ⁶
880 4117 1172 4180 Bonavilla
1201 4119 1269 4180 B.
1295 4130 1353 4182 et
1381 4118 1494 4182 SG.
2319 4117 2340 4146 ⁹
2387 4117 2588 4179 Imonis
2612 4116 2679 4177 B.
2720 4175 2727 4182 .

812 4218 832 4249 ⁷
885 4219 1155 4283 Vicat-iola
1182 4221 1294 4285 SG.
1745 4301 1751 4308 ἢ
2324 4219 2365 4251 ¹⁰
2394 4219 2637 4304 Lit'uryis
2656 4219 2796 4282 salse
2825 4220 2892 4281 B.
