4442 5769
915 573 956 645 [ι
1923 565 2733 639 CHARTULARIUM

912 720 1007 797 ad
1037 746 1117 795 se
1154 714 1737 824 pertinentibus,
1775 743 1945 792 cum
1986 716 2264 792 mansis
2302 731 2377 792 et
2407 714 2621 792 vinea
2662 743 2823 821 quae
2859 731 3159 791 vocatur
3198 711 3738 803 Curamonte²³,
3814 742 3822 751 ‘

909 868 1133 955 atque
1211 846 1602 952 mancipiis
1667 874 1885 953 supra
1953 845 2596 924 commanentibus
2670 873 2803 922 seu
2867 844 3387 950 aspicientibus
3451 872 3742 922 necnon

912 978 1486 1086 pertinentibuS,
1554 1006 1721 1054 cum
1772 978 1991 1054 terris
2045 976 2263 1053 cultis
2322 993 2394 1053 et
2441 975 2772 1064 incultis,
2825 975 3077 1081 pratiS,
3133 975 3454 1079 pascuis,
3506 974 3740 1064 silvis,
3819 1020 3828 1029 ·

900 1098 1377 1218 adjacentiis,
1422 1108 1630 1215 aquis
1665 1136 2107 1214 aquarumve
2147 1105 2612 1195 decursibuS,
2659 1105 3137 1192 molendinis,
3179 1105 3478 1209 perviis,
3536 1106 3748 1183 exiti-

912 1240 1056 1317 bus
1106 1257 1180 1316 et
1226 1238 1717 1346 regressibus,
1769 1238 2019 1314 omnia
2071 1256 2146 1314 et
2202 1266 2290 1314 ex
2348 1236 2725 1326 omnibus,
2778 1253 3022 1314 totum
3075 1252 3150 1313 et
3196 1235 3290 1311 ad
3329 1234 3739 1342 integrum,

917 1387 1610 1476 quantumcumque
1638 1368 1919 1446 ibidem
1949 1383 2199 1445 nostra
2243 1368 2570 1447 cernitur
2609 1394 2765 1443 esse
2797 1366 3187 1472 possessio.
3223 1365 3640 1444 Similiterffi
3672 1382 3747 1442 et

917 1502 994 1575 in
1017 1499 1162 1576 alio
1188 1499 1355 1576 loco
1377 1560 1395 1588 ,
1418 1500 1494 1575 in
1520 1498 1701 1576 orbe
1727 1499 2187 1576 Limovicino
2218 1517 2294 1575 et
2316 1498 2692 1575 territorio
2717 1499 3098 1574 Tomense
3110 1502 3190 1585 ²⁵,
3218 1496 3438 1572 aliam
3459 1514 3744 1573 curtem

916 1608 1355 1705 nostramet
1398 1628 1780 1706 ecclesiam
1828 1657 1990 1734 quae
2035 1646 2337 1705 vocatur
2375 1626 2796 1716 Estivalis²⁶,
2844 1655 3016 1702 cum
3062 1625 3483 1732 adjacentiis
3522 1643 3744 1732 atque

915 1758 1364 1864 appenditiis
1393 1759 1576 1849 suis,
1610 1788 1781 1835 cum
1820 1759 2202 1863 mancipiis
2225 1787 2446 1864 supra
2481 1756 3122 1835 commanentibus
3160 1785 3294 1833 seu
3328 1755 3747 1863 aspicienti-

915 1887 1060 1964 bus
1080 1916 1369 1965 necnon
1394 1888 1972 1994 pertinentibus‚
2005 1918 2174 1965 cum
2204 1889 2475 1981 casis2⁷‚
2503 1887 2876 1976 domibus,
2910 1885 3262 1976 aedificiis,
3288 1888 3536 1992 pratiS,
3563 1915 3747 1963 cam-

916 2017 1060 2123 pis,
1096 2018 1354 2106 vineis,
1392 2017 1615 2107 silvis,
1650 2019 1975 2124 pascuiS,
2005 2020 2213 2125 aquis
2243 2046 2688 2125 aquarumve
2729 2017 3192 2107 decursibuS,
3226 2015 3632 2094 mobilibus
3663 2034 3737 2093 et

916 2145 1459 2240 immobilibus,
1503 2149 1805 2254 perviiS,
1850 2149 2307 2257 adjacentiis,
2349 2148 2665 2226 exitibus
2701 2165 2775 2225 et
2813 2147 3301 2255 regressibus,
3343 2164 3744 2254 quantum-

918 2306 1236 2383 cumque
1279 2276 1561 2355 ibidem
1610 2279 1990 2385 possidere
2031 2280 2310 2368 videor,
2379 2308 2463 2355 ex
2517 2278 2895 2384 emptione
2945 2305 3077 2354 seu
3116 2276 3458 2383 quolibet
3516 2278 3743 2355 modo

916 2406 1404 2510 adquisitum,
1440 2424 1514 2482 et
1552 2407 1780 2483 vineis
1810 2409 2078 2485 nostris
2116 2409 2194 2483 in
2229 2409 2714 2514 Campaniaco
2751 2436 2881 2484 seu
2909 2406 3573 2512 Campaniagolo²⁸,
3617 2435 3746 2485 seu

915 2534 1286 2623 Pardinis,
1321 2551 1396 2611 et
1424 2552 1787 2640 quantum
1827 2536 2108 2614 ibidem
2141 2538 2520 2642 possidere
2550 2537 2942 2614 cernimur.
2984 2538 3080 2612 Et
3117 2536 3194 2612 in
3235 2535 3378 2614 alio
3418 2535 3622 2626 loc0,
3667 2539 3744 2614 in

917 2662 1098 2740 orbe
1131 2663 1679 2754 Limovicinoffl,
1710 2666 1786 2742 in
1821 2667 2081 2743 vicaria
2110 2667 2561 2757 Asnacense,
2601 2667 2980 2744 ecclesiam
3015 2684 3339 2744 nostram
3361 2727 3378 2756 ,
3418 2696 3586 2743 cum
3621 2668 3744 2745 ad-

907 2794 1248 2901 jacentiis
1283 2812 1498 2903 atque
1539 2796 2017 2903 appenditiis,
2064 2815 2135 2874 et
2177 2797 2528 2875 omnibus
2568 2798 2660 2874 ad
2703 2827 2779 2875 se
2812 2797 3387 2906 pertinentibuS,
3431 2814 3506 2874 et
3541 2799 3746 2905 quic-

916 2924 1101 3031 quid
1152 2925 1436 3003 ibidem
1496 2925 1770 3004 habere
1816 2927 2190 3018 videmur,
2235 2959 2398 3036 quae
2437 2947 2738 3007 vocatur
2776 2930 3222 3007 Nonnaris³⁰.
3267 2929 3624 3007 Similiter
3671 2931 3746 3008 in

916 3053 1060 3131 alio
1090 3053 1289 3144 loco,
1333 3056 1406 3131 in
1450 3057 1632 3134 orbe
1664 3058 2171 3148 Lemovicino,
2207 3078 2282 3136 et
2309 3059 2681 3137 territorio
2707 3061 3178 3148 Tornense³¹,
3219 3089 3560 3138 mansum
3582 3089 3748 3137 nos·

915 3202 1114 3262 trum
1172 3214 1398 3293 quem
1464 3187 1557 3264 de
1608 3187 1894 3265 Bobino
1940 3190 2116 3267 dato
2158 3191 2413 3295 precio
2461 3190 2903 3296 comparavi,
2967 3190 3042 3265 in
3092 3189 3260 3267 villa
3308 3191 3742 3278 Terence-³²,

918 3345 1087 3393 cum
1133 3316 1484 3393 omnibus
1527 3317 1622 3393 ad
1651 3348 1728 3394 se
1768 3320 2345 3424 pertinentibus,
2390 3321 2658 3399 Omnia
2709 3321 3050 3427 superius
3100 3321 3512 3410 nominata,
3575 3349 3746 3397 cum

916 3444 1232 3550 praefatis
1259 3444 1583 3523 ecclesiis
1608 3464 1682 3521 et
1700 3448 1889 3524 villis
1919 3466 2139 3555 atque
2175 3450 2624 3556 appenditiis
2649 3479 2939 3540 εαωιῐι,
2965 3450 3317 3556 praedicto
3342 3450 3587 3528 abbati
3611 3479 3745 3528 seu

918 3575 1464 3679 praenominatis
1492 3578 1874 3653 monacbis
1888 3584 1942 3626 ³³
1982 3607 2271 3657 necnon
2293 3597 2380 3657 et
2407 3581 2951 3658 successoribus
2985 3609 3246 3658 eorum
3281 3580 3495 3659 trado
3528 3599 3744 3688 atque

917 3701 1392 3791 transfundo,
1437 3706 1515 3780 in
1556 3734 1814 3784 eorum
1849 3707 2106 3785 usibus
2144 3710 2261 3788 vel
2292 3710 2678 3816 stipendiis
2717 3712 2793 3787 in
2825 3710 3087 3787 futuris
3114 3706 3739 3818 generationibus,

919 3832 1197 3939 absque
1235 3833 1461 3911 ullius
1498 3835 1824 3914 hominis
1861 3840 2474 3931 contradictione,
2519 3839 2942 3919 firmissima
2979 3840 3341 3920 libertate.
3387 3841 3748 3920 Volumus

923 3964 1139 4039 etiam
1167 4026 1184 4053 ‚
1224 3983 1450 4071 prout
1479 3970 1992 4074 opportunitas
2017 3989 2235 4077 atque
2265 3972 2741 4078 possibilitas,
2780 3973 3110 4080 ejusdem
3139 3972 3284 4050 loci
3314 4000 3473 4050 sese
3485 3978 3538 4021 ³²
3574 4000 3749 4079 quo-

1006 4183 1050 4215 '³
1098 4185 1426 4247 Caiannom's
1463 4184 1615 4248 Ann.
1646 4185 1760 4249 SG.
1791 4202 1851 4249 et
1886 4189 1957 4250 D.
1980 4189 2105 4253 Col.
2131 4193 2267 4253 Haec
2499 4193 2545 4226 ²’
2589 4196 2938 4257 Lemonia-eno
2961 4196 3105 4256 Nov.
3131 4195 3201 4257 G.
3224 4194 3316 4255 ch.

920 4288 1090 4350 lectio
1121 4291 1203 4350 sic
1231 4290 1520 4351 indicatur
1555 4295 1617 4351 in
1648 4291 1792 4353 Nov.
1817 4291 1887 4354 G.
1916 4293 2007 4355 ch.
2029 4320 2041 4353 z
2066 4279 2267 4380 Czijan·
2499 4297 2544 4327 ³⁰
2587 4298 2823 4360 Nonaris
2849 4299 2920 4359 D.
2934 4297 3058 4359 Col.

919 4393 1083 4452 nonis.
2501 4400 2540 4431 ³¹
2596 4401 2850 4464 Tor-nimo
2868 4403 2941 4464 D.
2955 4400 3079 4463 Col.
3105 4402 3386 4463 Tou-imm
3403 4403 3547 4464 Nov.
3564 4404 3634 4465 G.
3657 4401 3746 4464 ch.

1005 4490 1050 4522 ²⁴
1095 4494 1396 4556 Humiliter
1420 4496 1572 4560 Ann.
1602 4497 1716 4560 SG.
2500 4502 2540 4532 '²
2592 4504 2851 4565 Ter-niaco
2880 4502 3031 4564 Ann.
3064 4502 3176 4567 SG.
3211 4515 3269 4565 et
3296 4504 3513 4566 Mahffl.

1006 4593 1049 4624 '⁵
1101 4595 1389 4658 Tor-inemo
1419 4600 1634 4661 Mabiu.
1666 4602 1737 4662 D.
1754 4600 1879 4662 Col.
2499 4606 2541 4636 ³⁸
2586 4607 2742 4668 Voce
2793 4606 3060 4668 monachis
3106 4607 3398 4690 incipiunt
3441 4607 3563 4669 duo
3614 4631 3747 4670 mss.

1005 4694 1048 4726 ²⁸
1092 4695 1318 4758 Stivalis
1347 4699 1492 4760 ibid.
1521 4702 1724 4764 Stivals
1755 4703 1902 4763 Ann.
1934 4703 2047 4766 SG.
2411 4707 2870 4770 Bouhierianum
2895 4721 2952 4771 et
2981 4709 3496 4791 Sangemanense.
3685 4693 3692 4700 .

1005 4798 1045 4828 ²⁷
1091 4798 1315 4862 Casibus
1342 4801 1411 4862 D.
1436 4802 1559 4864 Col.
1594 4804 1844 4867 Cemibas
1873 4806 2017 4867 Nov.
2039 4806 2109 4868 G.
2137 4808 2228 4868 ch.
2494 4808 2537 4841 ³⁴
2581 4811 2755 4873 Fonte
2786 4810 3101 4896 legendum
3143 4839 3157 4873 ε
3189 4813 3295 4875 erit
3322 4835 3428 4895 pro
3461 4828 3568 4876 sese
3596 4814 3752 4898 apud

1004 4899 1050 4930 ²⁸
1096 4900 1421 4985 Campania,
1453 4904 1596 4966 Golo
1614 4906 1753 4969 false
1783 4909 1922 4970 Nov.
1945 4910 2015 4972 G.
2034 4908 2124 4972 cb.
2407 4912 2827 4975 Mabillonium.
