4442 5769
1441 601 2081 678 MONASTERII
2143 602 2280 676 DE
2344 602 2983 677 BELLOLOCO.
3500 607 3639 677 107

785 771 1109 863 Flesco⁶‚
1148 787 1225 849 et
1262 770 1341 848 in
1381 771 1528 851 alio
1568 771 1736 851 loco
1762 770 2256 880 Vellavignea.
2305 774 2496 851 Cum
2528 801 2706 850 vero
2746 773 2894 850 sint
2931 772 3076 877 ipsi
3116 772 3353 850 mansi
3387 774 3648 850 termi-

788 904 946 983 nati
982 901 1100 983 vel
1137 900 1512 991 bodinafi,
1551 902 1646 980 de
1671 903 2025 983 manibus
2051 905 2361 995 nostris,
2415 905 2512 982 ad
2536 904 3081 984 monasterium
3116 904 3189 982 S.
3223 904 3420 983 Petri
3457 905 3645 982 cedo

788 1036 908 1115 vel
963 1037 1059 1113 ad
1111 1051 1442 1111 rectores
1491 1033 1849 1126 ecclesiae,
1901 1051 1989 1111 ut
2035 1050 2208 1141 post
2253 1051 2596 1113 nostrum
2640 1036 3029 1113 decessum
3069 1035 3379 1114 teneatis
3425 1050 3647 1143 atque

790 1167 1265 1274 possideatis,
1343 1183 1670 1245 rectores
1733 1167 1866 1273 qui
1928 1166 2103 1245 estis
2149 1167 2226 1243 in
2280 1168 2739 1246 monasterio
2781 1166 2991 1273 quod
3048 1165 3322 1245 dicitur
3364 1167 3653 1245 Bellus-

795 1298 1029 1378 locus.
1073 1299 1154 1377 Si
1194 1299 1364 1404 quis
1403 1326 1580 1376 vero
1619 1297 1850 1376 fuerit
1874 1299 2005 1406 qui
2034 1317 2289 1376 contra
2319 1299 2804 1377 donationem
2835 1299 3053 1377 istam
3094 1300 3327 1377 ullam
3370 1299 3652 1376 caium—

793 1432 997 1511 niam
1037 1457 1393 1539 generare
1430 1430 2029 1536 praesumpserit,
2075 1447 2474 1536 componat
2513 1430 2583 1508 ei
2624 1431 2833 1537 quod
2874 1430 2992 1508 lex
3034 1447 3178 1520 est,
3224 1447 3300 1507 et
3347 1430 3652 1509 donatio

659 1646 666 1651 ‚
795 1562 938 1640 ista
982 1560 1203 1638 firma
1265 1562 1676 1667 perdurare
1731 1579 2076 1667 oporteat
2128 1562 2490 1668 omnique
2540 1579 2881 1667 tempore
2938 1590 3111 1640 cum
3171 1562 3653 1667 stipulatione

797 1693 1134 1771 subnixa.
1182 1694 1401 1770 Facta
1437 1709 1551 1770 est
1590 1693 1900 1770 donatio
1953 1694 2088 1771 ista
2128 1693 2204 1769 in
2248 1721 2510 1771 mense
2553 1692 2800 1805 aprili,
2842 1710 3048 1770 sexto
3086 1693 3440 1770 kalendas
3477 1694 3650 1770 maii

798 1823 1021 1934 [alias
1046 1856 1070 1901 .-
1100 1824 1399 1931 marci]‚
1429 1848 1630 1902 anno
1659 1825 1955 1903 decimo
1981 1827 2251 1932 quinto
2281 1842 2645 1933 regnante
2673 1823 2986 1903 Karolo⁷
3008 1852 3210 1931 rege.
3244 1825 3320 1902 S.
3354 1826 3655 1902 Esteve-

796 1957 975 2035 noni
995 1963 1022 2006 ⁸
1052 1974 1131 2033 et
1157 1956 1409 2035 uxoris
1442 1985 1594 2033 suae
1628 1956 2092 2064 Alimburgis
2106 1962 2157 2047 ⁹,
2193 1974 2268 2033 et
2297 1954 2436 2033 filii
2473 1957 2591 2033 sui
2631 1955 2987 2046 Ratbodi‚
3018 1957 3150 2063 qui
3189 1956 3385 2033 hanc
3421 1957 3655 2035 dona-

798 2089 1088 2165 tionem
1128 2087 1346 2165 istam
1386 2086 1552 2164 fieri
1591 2104 1667 2165 et
1703 2087 2082 2166 adfirmari
2123 2105 2594 2197 rogaverunt.
2640 2088 2718 2166 S.
2767 2087 3282 2167 winebertiw.
3317 2089 3390 2166 S.
3426 2089 3485 2163 F
3487 2116 3657 2165 ran·-

799 2219 996 2297 coni.
1032 2219 1109 2297 S.
1144 2219 1519 2299 Ymmoni.
1561 2219 1637 2297 S.
1670 2218 2050 2297 Ademari.
2085 2221 2159 2297 S.
2195 2218 2606 2298 Ebroini11.

2159 2829 2307 2901 LX.

917 3037 1198 3118 [Donatio
1241 3004 1456 3098 Baseni
1484 3046 1542 3097 et
1573 3036 1772 3096 uxoris
1801 3037 1928 3118 ejus
1956 3034 2180 3102 Elenae,
2211 3035 2275 3093 in
2307 3035 2523 3102 Monte,
2559 3035 2813 3102 Besario,
2845 3054 3077 3094 necnon
3107 3033 3340 3096 Beiiaco
3376 3033 3550 3113 villa]

916 3271 1593 3379 Appropinquante
1640 3272 1807 3350 vitae
1851 3271 2084 3380 hujus
2130 3270 2481 3358 termino,
2545 3268 2814 3347 divinis
2857 3270 3226 3377 jubemur
3281 3268 3665 3375 Praeceptis
3768 3284 3930 3358 Aprit.
3964 3286 4091 3354 916.

802 3404 1363 3481 indeficientem
1393 3404 1649 3480 cibum
1675 3430 1929 3480 emere
1962 3404 2095 3511 q·ui
2129 3420 2420 3480 aeternae
2452 3400 2824 3479 felicitatis
2851 3419 3096 3479 careat
3125 3400 3347 3490 fame,
3374 3418 3452 3477 et
3469 3400 3666 3477 fruc-
3708 3492 3740 3532 B
3824 3494 3849 3534 ⁸
3896 3411 3976 3532 —sc
4068 3505 4156 3532 lm·

801 3552 967 3613 tum
990 3534 1268 3641 quietis
1286 3563 1616 3614 mercare
1634 3598 1651 3626 ‚
1678 3552 2050 3643 quatenus
2067 3535 2352 3641 pabulo
2382 3535 2648 3613 divinae
2670 3536 2968 3642 pietatis
2989 3533 3279 3612 suffulti
3297 3551 3665 3641 perpetuo
3744 3506 3924 3624 'P'c.⁷'p.
3954 3506 4049 3610 ‚Lis

804 3666 1255 3744 reficiamur.
1310 3664 1493 3745 Ideo
1543 3693 1683 3746 nos
1733 3668 1811 3744 in
1861 3669 2003 3747 Dei
2049 3668 2356 3747 nomine
2405 3669 2736 3748 Basenus
2791 3683 2867 3743 et
2914 3694 3103 3744 uxor
3143 3691 3308 3743 mea
3355 3667 3660 3754 Elena¹‚

763 3941 766 3944 Α
889 3946 911 3976 ⁶
955 3947 1137 4009 Flisoo
1164 3947 1277 4010 SG.
2304 3947 2598 4033 Simplicis
2616 3968 2869 4031 regnum
2886 3947 3215 4009 indubitate
3230 3947 3534 4010 referenda
3552 3959 3670 4015 esu

890 4049 910 4079 ⁷
954 4050 1044 4112 De
1071 4050 1283 4114 Carolo
1301 4051 1579 4137 Simplice
1599 4051 1713 4123 ibi,
1743 4063 1811 4113 ut
1832 4073 2155 4122 censemus,
2310 4052 2371 4114 3·
2400 4051 2629 4113 Franco
2661 4073 2767 4113 seu
2802 4051 3171 4120 Franconus‚
3206 4052 3365 4113 testis
3384 4052 3443 4111 iu
3473 4050 3669 4111 charta

805 4155 1032 4237 agitur:
1055 4161 1109 4216 1⁰
1138 4156 1293 4221 inter
1321 4156 1466 4216 duas
1489 4154 1717 4218 chartas
1747 4167 1945 4217 nostra
1975 4157 2160 4239 posita
2309 4157 2417 4216 ista
2441 4157 2583 4216 anni
2609 4154 2760 4240 916,
2793 4154 2933 4216 huic
2961 4176 3202 4239 quoque
3227 4152 3583 4235 subscripsit.

806 4267 919 4325 est,
959 4278 1215 4340 quarum
1253 4257 1586 4341 praecedens
1633 4270 1721 4318 est
1759 4260 1901 4319 anni
1942 4260 2067 4342 944
2105 4269 2164 4319 et
2399 4258 2419 4288 ⁸
2462 4260 2789 4320 Estenevoni
2816 4258 2930 4321 SG.

805 4360 1171 4445 subsequens
1234 4363 1382 4422 anni*
1428 4361 1582 4446 916;
1637 4369 1701 4423 2⁰
1750 4364 2164 4446 subsequentis
2401 4363 2419 4390 ⁹
2468 4362 2799 4447 Alanburqis
2826 4361 2941 4424 SG.

805 4460 1017 4524 chartae
1044 4475 1185 4525 nota
1230 4463 1506 4526 chronica
1536 4465 1659 4527 fere
1707 4477 1918 4528 nostrae
1957 4466 2164 4528 similis
2406 4465 2445 4496 ¹⁰
2499 4464 2806 4530 Unmeberti
2833 4463 2947 4527 SG.

807 4578 894 4628 est
911 4568 1071 4648 (anno
1084 4566 1291 4629 decimo
1305 4580 1493 4630 octavo
1510 4580 1767 4652 mqnante
1781 4568 1988 4630 Kar-olo
2004 4571 2166 4654 κρῆς
2406 4569 2445 4598 ¹¹
2496 4568 2719 4632 Ebronii
2750 4566 2815 4628 B.

808 4691 987 4753 porro
1017 4671 1132 4733 sub
1164 4671 1373 4734 abbate
1398 4670 1653 4734 Rodulfo
1673 4671 1849 4741 facta.
1874 4671 1950 4732 ad
1978 4672 2170 4734 Caroli

900 4904 917 4934 ¹
960 4903 1189 4969 Stoma
1227 4905 1342 4969 SG.
1382 4906 1673 4969 Chesnius
1707 4908 1770 4968 in
1801 4905 2166 4968 brevioribus
2322 4906 2445 4968 lena
2465 4908 2797 4990 scripserat,
2827 4908 2931 4971 sed
2951 4910 3201 4970 correxit
3221 4918 3278 4970 et
3304 4908 3678 4992 superposuit

821 5009 1102 5093 excerptis
1128 5011 1198 5090 (t.
1231 5010 1420 5081 XXII,
1447 5010 1545 5072 sol.
1599 5008 1710 5092 88)
1759 5011 2030 5096 primitus
2055 5009 2167 5070 He·
2321 5031 2543 5073 nomen
2567 5010 2815 5074 Scevena.

3268 5155 3364 5208 14.
