4442 5769
1364 589 1998 665 MONASTER-II
2063 591 2193 661 DE
2261 589 2893 667 BELLOLOCO.
3452 597 3540 666 81

707 760 803 837 ad
827 761 1200 867 integrum
1233 775 1509 850 totum,
1545 759 1858 836 firmiter
1885 758 2113 835 dono,
2149 759 2262 835 De
2289 759 2739 864 repetitione
2767 787 2968 850 vern,
3002 760 3210 866 quod
3245 763 3551 839 minime

709 890 1115 975 credimus,
1158 889 1218 965 si
1254 917 1390 995 ego
1420 890 1612 994 ipse,
1650 891 2040 966 immutata
2076 888 2448 965 voluntate
2482 916 2679 978 mea,
2716 889 2863 966 sive
2897 890 3096 967 ullus
3137 920 3223 967 ex
3257 891 3555 969 heredi-

708 1023 853 1100 bus
884 1021 1104 1110 meis‚
1132 1048 1265 1097 seu
1298 1018 1650 1128 quaelibet
1677 1019 1827 1097 ulla
1853 1020 2183 1096 immissa
2208 1046 2557 1125 persona,
2587 1021 2717 1126 qui
2759 1039 3012 1098 contra
3052 1020 3240 1097 hanc
3282 1041 3552 1099 cartam

707 1152 1125 1229 testamenti
1179 1150 1407 1228 ullam
1459 1149 1905 1228 calumniam
1954 1177 2308 1257 generare
2353 1167 2658 1228 conatus
2707 1151 2966 1239 fuerit,
3019 1180 3170 1229 non
3218 1154 3286 1228 ei
3345 1152 3558 1229 liceat

708 1284 1116 1372 vindicare,
1160 1282 1295 1360 sed
1334 1300 1735 1388 componat
1782 1282 1899 1358 cui
1951 1280 2159 1358 litem
2201 1281 2537 1359 intulerit
2574 1300 2857 1360 tantum
2914 1300 2987 1359 et
3027 1282 3231 1359 aliud
3268 1300 3558 1359 tantum

709 1432 1075 1521 quantum
1111 1441 1231 1489 res
1280 1413 1452 1517 ipsae
1501 1412 1657 1488 ullo
1714 1428 2052 1517 tempore
2106 1411 2505 1488 melioratae
2562 1440 2718 1490 esse
2768 1412 3178 1517 potuerint,
3234 1429 3309 1489 et
3356 1415 3564 1519 quod

709 1546 899 1651 petit
926 1572 1081 1622 non
1109 1542 1466 1632 vindicet,
1490 1544 1625 1620 sed
1653 1543 1808 1619 haec
1839 1542 2075 1620 cessio
2107 1543 2276 1629 ista,
2309 1572 2348 1618 a
2382 1571 2500 1619 me
2528 1542 2747 1631 facta,
2782 1544 2874 1620 ad
2900 1570 3224 1648 praesens
3250 1563 3322 1620 et
3348 1546 3563 1622 dein-

713 1703 884 1781 ceps
923 1668 1134 1750 firma
1185 1691 1257 1750 et
1305 1674 1730 1751 inconvulsa
1780 1674 1981 1750 omni
2032 1690 2373 1778 tempore
2415 1690 2841 1779 permaneat
2879 1703 3048 1750 cum
3087 1675 3560 1780 stipulatione

712 1806 1046 1882 subnixa.
1083 1806 1376 1881 Factam
1415 1803 1603 1880 hanc
1642 1822 1910 1881 cartam
1948 1805 2412 1891 testamenti,
2448 1804 2713 1909 quinto
2746 1804 3041 1880 decimo
3071 1804 3192 1880 die
3217 1804 3564 1883 kalendas

715 1936 1197 2027 decembris“‚
1241 1964 1434 2013 anno
1473 1963 1649 2012 vero
1689 1953 1894 2012 sexto
1934 1935 2073 2012 sub
2114 1963 2288 2041 rege
2322 1937 2775 2012 Francorum
2817 1935 3142 2012 Rodulfo
3183 1954 3559 2042 regnante.

716 2066 1026 2173 Signum
1075 2065 1435 2143 Johannis
1465 2073 1491 2113 ⁵
1544 2065 1869 2155 abbatiS‚
1934 2066 2061 2172 qui
2118 2066 2266 2143 hoc
2323 2082 2852 2143 testamentum
2915 2066 3384 2143 conscribere
3444 2068 3562 2144 vel

716 2195 1108 2273 adfirmare
1159 2196 1462 2302 rogavit.
1518 2196 1595 2274 S.
1639 2195 1994 2273 Girberti.
2048 2196 2121 2272 S.
2166 2195 2529 2272 Rotberti.
2583 2195 2657 2273 S.
2702 2193 3057 2273 Galfredi.
3098 2197 3172 2279 S.
3227 2195 3560 2274 Geraldi.

644 2424 661 2435 ,
717 2329 792 2404 S.
828 2328 1004 2404 item
1048 2325 1409 2404 Rotberti.
1457 2328 1532 2403 S.
1565 2325 1929 2404 Guitardi.
1978 2326 2051 2403 S.
2088 2325 2402 2403 Giberti.

2032 2956 2247 3027 XLV.

721 3161 1095 3246 [Adalgarius
1126 3174 1183 3222 et
1213 3183 1360 3221 uxor
1390 3162 1516 3244 ejus
1542 3161 1686 3242 Aiga
1716 3158 2017 3220 ecclesiam
2055 3158 2114 3219 S.
2148 3157 2446 3218 Michaelis
2476 3157 2552 3218 de
2581 3156 2827 3225 Beione‚
2860 3155 3145 3239 pluraque
3172 3158 3234 3215 in
3267 3157 3571 3218 Veziosaco

1754 3273 1812 3321 et
1840 3263 1903 3321 in
1932 3258 2235 3322 Concellas
2263 3260 2536 3340 donant]

833 3516 1149 3622 Oportet
1188 3545 1807 3624 unumquemque
1863 3517 1956 3593 de
2005 3516 2318 3593 terrenis
2367 3515 2464 3593 ad
2512 3515 2833 3593 coelestia
2884 3534 2959 3592 et
2999 3489 3093 3592 de
3137 3513 3436 3591 caducis
3474 3514 3572 3590 ad

719 3675 1066 3726 mansura
1104 3649 1448 3738 transire,
1493 3677 1589 3725 ne
1627 3648 1821 3726 forte
1852 3676 2054 3726 mors
2083 3648 2484 3753 improvisa
2514 3647 2840 3755 aliquem
2883 3648 3327 3755 imparatum
3368 3648 3572 3725 inve-

719 3780 873 3857 niat
904 3796 1033 3855 aut
1060 3778 1217 3856 sine
1247 3778 1402 3857 ullo
1430 3796 1773 3887 respectu
1804 3779 2070 3856 divinae
2095 3778 2395 3886 pietatis
2426 3780 2523 3858 ab
2555 3779 2701 3856 hoc
2729 3778 2998 3857 saeculo
3031 3778 3565 3857 discedentem.

719 3911 1190 4015 Quapropter
1237 3910 1316 3986 in
1363 3909 1637 3989 Christi
1701 3910 2004 3989 nomine
2064 3938 2204 4017 ego
2265 3909 2705 4016 Adalgarius
2755 3927 2830 3987 et
2887 3938 3071 3988 uxor
3126 3939 3292 3989 mea
3348 3910 3565 4018 Aiga,

3694 3531 3809 3586 Jan.
3847 3535 3973 3588 880.

3799 3657 3872 3668 ——s

3611 3737 3659 3779 B.
3675 3752 3715 3793 p.
3730 3740 3800 3784 6⁶.
3814 3738 3915 3781 S.G.
3927 3751 3970 3795 p.
3988 3741 4057 3792 89.

3723 3813 3771 3856 C.
3793 3829 3837 3871 p.
3860 3828 3930 3867 90·

720 4040 1345 4119 consideravimus
1384 4070 1715 4120 amorem
1749 4043 2062 4121 coelestis
2101 4042 2385 4148 patriae,
2434 4058 2509 4118 et
2548 4042 2643 4119 de
2674 4042 2813 4119 Dei
2847 4042 3357 4119 misericordia
3398 4070 3571 4119 con·
3665 4083 3670 4090 ·

720 4170 1068 4260 fidentes,
1113 4173 1450 4250 cedimus
1488 4201 1607 4250 res
1631 4174 2107 4281 proprietatis
2137 4189 2405 4250 nostrae
2435 4173 2530 4249 ad
2559 4174 3094 4251 monasterium
3122 4172 3325 4278 quod
3357 4198 3569 4250 voca-

717 4317 843 4379 tur
866 4301 1329 4381 Belluslocus
1346 4364 1363 4393 ‚
1397 4304 1473 4380 in
1503 4291 1870 4383 honorem
1889 4303 2237 4382 videlicet
2257 4305 2332 4382 S.
2355 4304 2550 4381 Petri
2573 4321 2649 4381 et
2673 4304 2748 4382 S.
2783 4302 3183 4379 Felicitatis
3213 4300 3571 4379 aliorum-

718 4461 869 4540 que
909 4451 1330 4512 sanctorum
1355 4496 1371 4523 ‚
1416 4434 1546 4513 ubi
1585 4436 1698 4513 vir
1733 4436 2175 4514 venerabilis
2214 4435 2592 4514 Gairulfus
2631 4433 2856 4511 abbas
2902 4462 3211 4539 praeesse
3249 4432 3565 4521 videtur,

719 4593 883 4671 quae
923 4567 1199 4645 suntin
1239 4594 1430 4674 pago
1470 4568 1900 4660 Caturcino‚
1946 4568 2023 4644 in
2060 4567 2325 4644 vicaria
2363 4566 2758 4654 Exidense‚
2793 4566 2871 4641 in
2895 4563 3063 4643 loco
3094 4564 3224 4671 qui
3268 4582 3573 4643 vocatur

720 4697 1051 4788 Beionis‚
1095 4696 1241 4774 hoc
1287 4714 1397 4774 est
1444 4698 1749 4777 ecclesia
1797 4715 2080 4788 nostra,
2135 4728 2300 4806 quae
2334 4715 2441 4775 est
2483 4697 2720 4775 dicata
2766 4696 2842 4773 in
2884 4697 3256 4776 honorem
3300 4698 3375 4774 S.
3430 4697 3566 4774 Mi-

811 4985 826 5014 ⁶
874 4985 1241 5047 Kalendarum
1272 4985 1530 5048 decembr.
1563 4987 1629 5047 C.
2307 4986 2326 5016 ⁸
2370 4986 2593 5071 Rodnlst
2618 4985 2825 5047 abbatis
2855 4987 2996 5047 falso
3029 4988 3093 5047 B.

3211 5144 3266 5178 21
