4442 5769
1316 580 1948 660 MONASTERII
2002 582 2134 659 DE
2188 583 2309 659 BE
2326 583 2818 660 LLOLOCO.
3332 580 3477 654 2125

657 755 806 830 mei
848 771 925 830 et
960 753 1212 830 matris
1240 780 1457 844 meae,
1504 752 1924 831 Salomonis
1963 769 2039 830 et
2074 752 2319 830 Elisiae
2342 758 2389 840 ¹,
2435 768 2512 828 et
2548 779 2685 858 pro
2725 753 3112 830 animabus
3150 749 3480 829 filiorum

657 901 1111 972 nostrorum,
1151 884 1311 961 Deo
1351 880 1687 960 salvatori
1727 881 2115 960 offerimus
2144 881 2223 958 in
2253 881 2644 989 stipendiis
2685 897 2759 958 et
2797 880 3057 958 usibus
3087 882 3483 961 monacho-

655 1040 854 1102 rum,
898 1030 982 1090 ut
1026 995 1195 1118 post
1235 1011 1688 1092 hodiernum
1732 1012 1934 1089 diem
1972 1028 2302 1100 teneant,
2356 1010 2814 1117 possideant,
2856 1009 3126 1087 faciant
3163 1011 3257 1087 de
3303 1011 3482 1115 ipsis

654 1142 882 1219 rebus
900 1142 1071 1249 jure
1105 1141 1599 1220 ecclesiastico
1628 1141 1992 1248 quicquid
2020 1141 2415 1220 voluerint.
2451 1141 2675 1230 Sane,
2713 1139 2924 1247 quod
2953 1139 3287 1217 futurum
3324 1167 3480 1217 esse

656 1273 960 1348 minime
990 1271 1395 1361 credimus,
1429 1272 1490 1347 si
1518 1299 1655 1349 nos
1685 1272 1857 1377 ipsi,
1894 1272 2284 1348 immutata
2311 1270 2679 1349 voluntate
2700 1332 2717 1360 ,
2753 1289 2880 1348 aut
2918 1270 3115 1348 ullus
3148 1270 3242 1348 de
3273 1270 3482 1348 here·

658 1400 880 1479 dibus
924 1400 1040 1478 vel
1090 1401 1530 1508 propinquis
1578 1401 1878 1492 nostris,
1921 1399 2038 1477 vel
2093 1400 2446 1507 quaelihet
2488 1400 2817 1477 immissa
2866 1428 3184 1506 persona
3231 1418 3482 1477 contra

657 1532 844 1608 hanc
872 1531 1281 1609 cessionem
1316 1531 1636 1637 aliquam
1676 1530 2120 1610 calumniam
2148 1559 2503 1638 generare
2533 1531 3113 1637 praesumpserit,
3146 1531 3483 1636 inprimis

655 1662 838 1737 iram
877 1661 1016 1739 Dei
1061 1678 1136 1738 et
1173 1677 1594 1740 sanctorum
1635 1661 1797 1767 ejus
1833 1662 2191 1750 incurrat,
2238 1659 2511 1737 deinde
2559 1661 2885 1739 sociante
2931 1658 3143 1746 fisco,
3187 1661 3348 1736 auri
3389 1661 3483 1735 li-

653 1789 822 1867 bras
879 1808 1030 1867 tres
1076 1792 1358 1898 argenti
1406 1790 1739 1896 pondera
1790 1791 2125 1897 quinque
2176 1807 2474 1869 coactus
2525 1790 2874 1882 exsolvat,
2930 1807 3000 1866 et
3047 1788 3255 1896 quod
3300 1790 3485 1894 petit

655 1947 805 2020 non
829 1919 1201 2010 vendicet,
1229 1920 1363 1998 sed
1391 1946 1714 2027 praesens
1741 1920 1974 1999 cessio
2000 1922 2137 1998 ista
2161 1937 2591 2028 permaneat
2618 1948 2790 1998 cum
2820 1919 3290 2025 stipulatione
3322 1920 3485 1997 sul)-

654 2050 842 2126 nixa.
885 2052 1102 2128 Facta
1142 2065 1253 2127 est
1300 2051 1456 2126 haec
1495 2050 1727 2126 cessio
1771 2051 1848 2126 in
1888 2077 2144 2127 mense
2175 2050 2471 2158 juni02,
2516 2078 2712 2128 anno
2753 2077 2778 2126 1
2815 2067 3170 2155 regnante
3210 2049 3484 2126 Karolo

653 2178 1160 2282 imperatore⁸.
1196 2181 1272 2258 S.
1304 2176 1582 2255 Altario
1613 2180 1745 2285 qui
1786 2179 2195 2257 cessionem
2238 2180 2450 2256 istam
2486 2178 2647 2255 fieri
2688 2177 2804 2257 vel
2841 2178 3234 2256 adfirmare
3273 2205 3486 2284 roga-

642 2285 780 2383 ⁸vit.
811 2307 888 2384 S.
918 2306 1330 2384 Roadlinde
1362 2335 1588 2385 uxore
1621 2311 1783 2415 ejus
1821 2308 2357 2386 consentiente.
2395 2309 2470 2387 S.
2503 2311 2745 2385 Jonas.
2772 2308 2851 2386 S.
2882 2307 3213 2385 Audrici.
3248 2309 3324 2386 S.
3356 2307 3483 2385 Gi-

654 2437 913 2514 serani.
950 2437 1024 2514 S.
1057 2436 1419 2539 Aganoni.
1462 2437 1539 2515 S.
1567 2437 1933 2515 Teodoni.
1962 2438 2039 2515 S.
2072 2436 2445 2516 Aichardi.
2487 2438 2565 2515 S.
2598 2436 2920 2544 Agarini.

1857 3001 2285 3082 CLxva.

1201 3222 1380 3299 [Laxa
1405 3220 1628 3302 Ugonis
1657 3230 1716 3281 et
1741 3219 2052 3301 Gerbergoe
2079 3219 2156 3279 de
2184 3217 2424 3280 ecclesia
2450 3220 2646 3280 Sancti
2677 3220 2936 3300 Privati.]

769 3472 1085 3577 Oportet
1127 3498 1739 3576 unumquemque
1781 3470 1876 3547 de
1919 3471 2231 3547 terrenis
2272 3468 2368 3546 ad
2415 3467 2734 3546 coelestia
2787 3488 2861 3546 et
2909 3472 3002 3547 de
3053 3472 3350 3548 caducis
3387 3474 3484 3548 ad

655 3626 995 3678 mansura
1031 3600 1373 3691 transire,
1408 3629 1503 3676 ne
1537 3628 1739 3677 mors
1776 3601 2163 3705 repentina
2206 3599 2533 3706 aliquem
2573 3601 3013 3707 imparatum
3053 3603 3378 3680 inveniat
3411 3622 3486 3679 et

653 3729 812 3806 sine
834 3747 1179 3835 respectu
1207 3730 1470 3807 divinae
1496 3730 1795 3835 pietatis
1814 3729 1907 3806 ab
1933 3730 2080 3808 hoc
2098 3728 2371 3808 saeculo
2399 3730 2935 3809 discedentem.
2969 3732 3483 3824 Quamobrem

740 4040 753 4070 ¹
801 4040 1028 4101 Helisioe
1047 4038 1157 4102 SG.
2144 4051 2304 4124 parte
2322 4063 2451 4125 quae
2465 4042 2545 4103 ibi
2569 4042 2709 4103 falso
2725 4044 2799 4103 ab
2814 4064 3167 4105 amanuense
3182 4043 3364 4125 posita
3380 4056 3477 4102 est.
3546 4052 3554 4059 '

738 4140 758 4169 ²
803 4142 948 4202 Nota
996 4140 1095 4201 illa
1137 4141 1408 4204 chronica
1451 4154 1768 4227 caeteraque
1807 4164 1993 4226 usque
2227 4142 2250 4174 ⁸
2290 4143 2499 4206 Cal-olo
2521 4192 2535 4216 ,
2594 4157 2661 4206 ut
2716 4166 3046 4215 censemus,
3096 4157 3484 4225 cognomento

653 4242 729 4304 ad
764 4241 946 4307 finem
972 4265 1105 4327 quae
1131 4245 1193 4304 in
1223 4248 1619 4330 manuscripto
1648 4243 1761 4307 SG.
1791 4244 1994 4328 legun-
2142 4246 2350 4307 Crasso
2371 4293 2386 4316 ,
2417 4246 2528 4308 sub
2566 4248 2735 4330 cujus
2763 4247 3011 4330 imperio
3044 4244 3240 4307 charta
3272 4267 3482 4329 praece·

652 4356 765 4414 tur,
808 4346 1099 4428 pertinent
1135 4347 1210 4408 ad
1253 4368 1502 4431 sequens
1538 4347 1991 4408 instrumentum
2142 4347 2289 4410 dens
2327 4369 2557 4409 necnon
2595 4348 2955 4432 subsequens
2998 4348 3159 4409 sactae
3202 4360 3364 4419 sunt;
3410 4349 3484 4410 de

651 4446 809 4529 quod
833 4469 901 4509 ex
921 4451 1315 4533 manuscripto
1344 4448 1413 4509 B.
1445 4449 1707 4510 eruimus
1736 4449 1913 4518 insi-az
1938 4461 1997 4511 et
2143 4461 2284 4511 nota
2300 4449 2573 4511 chronica
2596 4448 2725 4510 vide
2743 4451 3030 4532 superius,
3053 4450 3212 4513 Notos
3227 4463 3282 4511 et
3298 4451 3482 4513 &clair-

649 4546 797 4609 illud
826 4548 989 4612 abest
1019 4551 1080 4611 in
1111 4549 1226 4612 SG.
1243 4595 1256 4618 ‚
1284 4561 1517 4633 excepta
1543 4550 1861 4632 posteriore
1889 4550 1997 4611 ista
2146 4553 2472 4620 cis-nements,
2500 4571 2664 4613 num.
2691 4570 2823 4613 vm.

737 4798 751 4827 ¹
801 4799 886 4860 Ex
911 4821 1046 4862 mss.
1085 4803 1132 4864 B
1158 4814 1216 4862 et
1242 4800 1306 4862 C.
1333 4801 1550 4863 —Ista
1579 4800 1774 4862 charta
1811 4801 1971 4862 abest
1999 4802 2059 4862 in
2093 4824 2200 4868 ms.
2234 4804 2378 4876 SG.,
2414 4816 2549 4866 nota
2576 4803 2847 4869 chronica
2878 4817 2935 4868 et
2967 4806 3481 4889 subscriptionibus

651 4902 916 4986 exceptis.
