4442 5769
1432 578 2064 653 MONASTERII
2121 580 2257 653 DE
2319 577 2948 653 BELLOLOCO.
3524 569 3618 643 [ιθ

785 754 1047 832 bertus
1076 766 1154 828 et
1169 776 1382 828 soror
1410 776 1576 838 sua,
1615 777 1786 826 cum
1808 749 2061 839 terriS,
2083 744 2351 838 vineis,
2379 747 2606 838 silvis,
2641 748 2853 855 aq-'s
2882 773 3330 854 aquarumve
3361 744 3627 820 decur-

788 882 1030 971 sibus»,
1068 878 1528 987 adjacentiis,
1571 879 1876 985 perviis,
1912 878 2228 957 exitibus
2269 897 2344 956 et
2372 878 2863 987 regressibus,
2906 895 2982 955 et
3010 876 3361 956 omnibus
3390 902 3625 982 quan-

788 1032 1292 1118 tumcumque·
1319 1011 1414 1088 ad
1443 1010 1603 1118 jam
1642 1010 2068 1115 praedictam
2097 1009 2347 1088 villam
2392 1026 2469 1086 et
2507 1008 2890 1086 ecclesiam
2921 1008 3273 1115 pertinet,
3304 1005 3626 1114 quaesitis

795 1162 867 1221 et
904 1141 1393 1250 acquirendis.
1434 1144 1602 1219 Haec
1641 1142 1893 1222 omnia
1939 1142 2104 1221 Deo
2158 1140 2498 1218 salvatori·
2543 1141 2883 1220 omnium
2937 1157 3014 1218 et
3058 1141 3137 1220 S.
3183 1140 3431 1227 Petro,
3488 1165 3625 1242 pro

793 1276 1053 1351 animae
1093 1301 1278 1351 meae
1316 1273 1653 1351 remedio
1695 1292 1769 1351 et
1804 1271 2048 1350 fratris
2075 1272 2221 1349 mei
2264 1270 2600 1351 Rotberti
2642 1274 2719 1348 et
2744 1271 2994 1348 uxoris
3024 1298 3174 1349 suae
3212 1267 3623 1353 Rotrudis⁵,

794 1434 956 1511 quae
996 1404 1072 1480 in
1114 1404 1385 1482 eodem
1422 1403 1873 1482 monasterio
1912 1403 2299 1483 inhumata
2326 1404 2555 1512 jacet,
2602 1403 2911 1480 devotus
2950 1400 3219 1490 offero,
3252 1402 3333 1478 in
3362 1399 3631 1505 stipen-

795 1535 937 1613 diis
981 1554 1057 1613 et
1099 1535 1358 1614 usibus
1404 1534 1939 1615 monachorum
2010 1537 2105 1612 in·
2156 1535 2484 1614 venturis
2537 1532 3170 1642 generationibuS,
3233 1548 3322 1608 ut
3367 1529 3632 1607 faciant

797 1667 888 1745 ab
930 1666 1105 1745 inde
1147 1666 1226 1742 in
1266 1666 1657 1756 omnibus,
1682 1667 1853 1774 jure
1895 1664 2427 1757 ecclesiastico,
2471 1665 2828 1773 quicquid
2873 1663 3254 1772 elegerint.
3296 1661 3506 1738 Licet
3551 1663 3631 1738 in

798 1797 1017 1875 donis
1044 1798 1208 1875 Deo
1251 1795 1531 1874 collatis
1567 1825 1781 1903 poena
1812 1797 2125 1874 minime
2157 1797 2254 1874 sit
2292 1795 2750 1885 adhibenda,
2787 1823 2938 1903 ego*
2963 1811 3214 1872 tamen
3237 1811 3391 1901 ‘pro
3423 1793 3629 1871 omni

795 1926 1147 2006 firmitate
1174 1928 1499 2005 inserere
1522 1928 1765 2005 curavi
1788 1946 1900 2016 ut,
1928 1929 1987 2005 si
2022 1955 2160 2037 ego
2191 1928 2349 2035 ipse
2367 1988 2386 2018 ,
2413 1926 2623 2033 quod
2645 1924 2866 2016 absit,
2897 1943 3023 2003 aut
3041 1924 3243 2003 ullus
3266 1924 3631 2002 heredum

796 2058 910 2135 vel
932 2057 1532 2165 propinquorum
1568 2085 1908 2135 meorum
1927 2117 1944 2145 ,
1986 2087 2120 2136 seu
2150 2054 2499 2165 quaelibet
2526 2056 2857 2133 immissa
2885 2081 3229 2163 persona,
3267 2057 3446 2133 huic
3476 2084 3635 2133 ces-

798 2188 985 2266 sioni
1037 2206 1290 2266 contra
1340 2191 1448 2265 ire
1501 2187 1849 2277 voluerit,
1905 2188 2244 2293 inprimis
2300 2189 2488 2265 iram
2525 2187 2668 2264 Dei
2710 2204 2785 2264 et
2841 2203 3260 2264 sanctorum
3315 2187 3476 2295 ejus
3519 2190 3635 2263 in-

799 2335 1046 2396 currat
1066 2380 1083 2408 ,
1112 2319 1385 2396 deinde
1416 2337 1725 2426 cogente
1745 2317 1922 2396 fisco
1954 2319 2117 2396 auri
2146 2317 2371 2396 libras
2397 2345 2510 2408 xv,
2539 2319 2821 2424 argenti
2852 2317 3107 2423 po‘ndo
3138 2344 3307 2408 xxx,
3339 2335 3637 2397 coactus

800 2449 1146 2538 exsolvat,
1194 2466 1270 2527 et
1306 2450 1514 2556 quod
1546 2449 1738 2527 maie
1777 2450 1966 2556 petit
2000 2477 2152 2527 non
2188 2449 2541 2537 vindicet,
2583 2448 2720 2526 sed
2755 2441 3075 2553 praesens
3114 2450 3348 2528 cessio
3381 2450 3638 2528 incon·

799 2577 997 2657 vulsa
1054 2597 1481 2685 permaneat
1522 2578 1753 2687 [cum]
1795 2578 2273 2687 stipulatione
2325 2579 2658 2658 subnixa.
2717 2599 2768 2664 Ἰ·
2828 2577 3197 2658 Rodulfus
3247 2582 3639 2689 episcopus

800 2708 1264 2814 subscripsit.
1319 2709 1394 2787 S.
1449 2710 1848 2818 Drogoni⁶.
1900 2709 1975 2787 S.
2028 2711 2412 2789 Bernardi.
2457 2709 2732 2788 Datum
2771 2709 2848 2786 in
2888 2738 3146 2787 mense
3179 2708 3408 2817 julio,
3444 2739 3637 2788 anno

801 2855 1067 2945 quarto
1110 2838 1294 2947 [leqe
1331 2839 1677 2948 quinto]⁷
1719 2840 1966 2919 Karoli
2008 2841 2360 2919 minoris⁸
2394 2840 2624 2946 regis»,
2658 2840 3013 2918 Bituricas
3054 2840 3367 2918 civitate.

2072 3429 2083 3437 ’
2113 3437 2341 3510 XXII.

1105 3649 1286 3730 [Laxa
1311 3649 1705 3712 Archimbaldi
1728 3663 1784 3712 et
1804 3651 2211 3735 Ermensindis
2237 3653 2312 3715 de
2339 3652 2647 3714 medietate
2676 3653 2929 3715 ecclesiae
2957 3652 3016 3716 S.
3043 3653 3350 3734 Pardulfi.]

918 3885 1404 3963 Sacrosanctae
1460 3884 1801 3964 basilicae-
1845 3886 1922 3965 S.
1974 3887 2173 3965 Petri
2231 3885 2561 3965 Belliloci
2611 3888 3067 3966 monasterii.
3117 3889 3266 3966 Nos
3313 3895 3512 3970 enim
3568 3896 3646 3971 in
3781 3887 4035 3959 ’ἰή-899·

808 4013 1082 4094 Christi
1122 4016 1430 4094 nomine
1469 4014 2045 4095 Archimbaldus
2083 4033 2159 4094 et
2196 4044 2384 4094 uxor
2425 4045 2594 4095 mea
2634 4017 3179 4112 Ermensindis,
3223 4022 3648 4102 considera-

3685 4091 3733 4135 Β.
3752 4106 3797 4149 p.
3813 4090 3978 4135 ⁸8·SG·
3997 4106 4041 4150 p.
4060 4093 4132 4135 5¹.

890 4236 909 4267 ⁵
951 4236 1209 4299 Retrudis
1229 4237 1297 4299 B.
1328 4250 1387 4299 et
1412 4238 1477 4300 C.
2303 4260 2486 4323 quare
2518 4260 2769 4326 praesens
2804 4242 3288 4314 instrumentum,
3327 4245 3491 4330 quod
3523 4268 3650 4330 pos·
3797 4166 4005 4223 ⁰·1’·⁵⁵·

890 4339 910 4368 ⁸
954 4339 1121 4403 Adde
1147 4367 1160 4401 ε
1187 4338 1245 4403 S:
1281 4339 1535 4403 Gerar-di.
1566 4340 1628 4404 S.
1662 4339 1927 4403 Odilonis.
1957 4341 2016 4405 S.
2045 4340 2153 4403 Ar·
2307 4343 2483 4403 terius
2526 4355 2613 4404 est
2656 4342 3008 4413 indubitate,
3054 4345 3166 4405 sub
3203 4367 3363 4408 anno
3411 4369 3649 4432 quoque

808 4441 957 4525 unffi.
989 4440 1049 4505 S.
1082 4441 1283 4504 David.
1313 4442 1373 4505 S.
1409 4441 1711 4526 Gotasredi.
1742 4443 1806 4505 C.
2304 4445 2512 4528 quinto
2542 4466 2649 4529 pro
2677 4456 2888 4529 quarto
2917 4445 3244 4509 notandum
3269 4462 3370 4512 est.

891 4542 912 4572 ⁷
956 4542 1230 4608 Rotrudis
1258 4565 1390 4628 quae
1414 4565 1592 4628 supra
1620 4544 1926 4607 inhumata
1962 4548 2163 4629 jacere¹
2388 4544 2409 4578 ⁸
2455 4547 2698 4610 Carolus
2744 4550 2879 4617 iste,
2912 4546 3068 4610 filius
3116 4550 3307 4614 Caroli
3332 4553 3511 4628 Calvi,
3545 4557 3656 4620 fuit

808 4643 1020 4707 dicitur
1076 4647 1138 4707 in
1198 4647 1551 4709 monasterio
1597 4644 1968 4708 Bellilocensi
1982 4695 1995 4718 ,
2050 4669 2156 4732 per
2305 4649 2734 4735 Aquitanorum
2788 4671 2908 4712 rex.
2966 4651 3242 4716 Chartam
3289 4655 3450 4722 illam
3509 4660 3654 4723 falso

808 4746 1032 4810 chartas
1080 4769 1180 4811 m
1236 4761 1295 4810 et
1345 4769 1554 4819 cnm,
1606 4750 1669 4810 in
1733 4769 1937 4813 mense
1989 4750 2157 4834 aprili
2305 4751 2573 4815 Baluxius
2594 4752 2669 4814 ab
2697 4774 2853 4815 anno
2882 4752 3036 4826 844,
3056 4756 3121 4818 id
3150 4770 3236 4821 est
3258 4773 3468 4843 quarto
3497 4784 3654 4826 anno

811 4862 868 4910 et
905 4851 968 4911 in
1007 4872 1162 4912 anno
1198 4854 1389 4934 'quinto
1417 4851 1614 4915 Caroli
1652 4854 1925 4923 minoris,
1967 4853 2032 4915 id
2072 4867 2158 4916 est
2305 4855 2497 4918 Caroli
2515 4855 2695 4922 Calvi.
2720 4866 2779 4917 et
2798 4857 3080 4922 Justellus
3109 4862 3184 4923 ab
3204 4884 3359 4928 anno
3378 4866 3532 4937 848,
3555 4868 3655 4930 da-

808 4971 964 5014 anno
986 4952 1128 5023 860,
1150 4953 1320 5037 plura
1339 4956 1623 5019 concessit
1638 4978 1872 5019 necnon
1891 4956 2153 5024 tradidit:
2305 4971 2592 5021 taverunt.

3320 5131 3351 5183 7
3487 5105 3494 5112 .
