4442 5769
932 542 1024 613 721
1514 556 1518 560 ’
1945 537 2753 613 CHARTULARIUM

926 709 1114 814 petit
1153 735 1302 789 non
1330 707 1691 796 vindicet,
1725 709 1860 785 sed
1892 707 2126 785 cessio
2164 707 2303 784 ista
2331 705 2545 783 firma
2575 723 2650 784 et
2677 702 2959 784 stabilis
2988 721 3420 810 permaneat
3449 732 3623 781 cum
3644 703 3787 781 sti--

921 839 1309 945 pulatione
1369 838 1706 917 subnixa.
1760 841 1975 916 Facta
2026 855 2139 916 est
2201 838 2438 916 cessio
2499 836 2637 915 ista
2691 836 2770 943 in
2831 862 3087 913 mense
3137 830 3384 940 aprili,
3447 861 3647 913 anno
3695 861 3775 911 111

924 989 1280 1079 regnante
1315 968 1719 1048 Rodulfo¹⁰
1743 997 1943 1077 rege.
1987 969 2062 1047 S.
2095 966 2473 1046 Aitrude¹¹
2510 983 2584 1045 et
2617 965 2774 1044 filio
2812 964 2974 1072 ejus
3009 964 3427 1069 Stephano,
3457 966 3584 1070 qui
3620 993 3776 1043 ces-

925 1102 1215 1180 sionem
1253 1101 1464 1185 istam
1506 1099 1674 1178 fieri
1711 1100 1826 1178 vel
1867 1100 2260 1178 adfirmare
2299 1115 2764 1209 rogaverunt.

2162 1666 2525 1747 XXXIX¹.

1007 1891 1320 1985 ,monum
1352 1890 1573 1973 Ugonis
1600 1887 1923 1951 Casti-inovi
1959 1900 2017 1950 et
2042 1888 2315 1974 Mpasiae,
2347 1888 2423 1950 de
2452 1889 2691 1951 ecclesia
2720 1887 2812 1950 Ad
2840 1888 3158 1951 Macherias
3188 1909 3293 1951 seu
3322 1889 3667 1971 Bonavilla.]

510 2159 605 2212 An·
652 2178 807 2215 1100-
1035 2144 1691 2224 Considerandum
1744 2161 1888 2233 est,
1939 2143 2234 2239 fratres,
2287 2143 2608 2252 qualiter
2658 2172 2859 2221 sacra
2894 2171 3284 2253 ‘canonum
3335 2110 3775 2223 auctoritate

622 2282 697 2294 ““”“
925 2304 1219 2355 necnon
1262 2276 1484 2357 etiam
1523 2275 2030 2382 apostolorum
2077 2274 2453 2383 jussione,
2510 2275 2770 2353 multis
2820 2274 3260 2385 magnisque
3312 2276 3777 2383 tempestatis

437 2363 882 2494 B'p'gisstsgssp'iim
924 2404 1349 2484 incursibus
1388 2404 1698 2513 fatigati,
1729 2421 2088 2512 tanquam
2119 2405 2321 2484 navis
2359 2405 2518 2483 sine
2548 2405 2775 2485 remis
2820 2405 2971 2483 alto
3006 2405 3232 2483 ducta
3269 2403 3567 2512 pelago,
3614 2407 3775 2483 vitae

921 2534 1168 2612 brevis
1215 2533 1534 2612 articulo
1589 2534 1985 2643 degentes,
2039 2563 2125 2612 ac
2174 2535 2416 2612 inanis
2461 2535 2717 2643 gloriae
2766 2534 3127 2625 fautores»,
3181 2553 3776 2641 caeterorumque

922 2666 1266 2742 omnium
1306 2664 1546 2742 totius
1575 2665 1872 2773 generis
1919 2665 2290 2742 malorum
2333 2683 2665 2755 ovantes,
2715 2684 2968 2745 sancto
3017 2666 3395 2746 revelante
3451 2666 3769 2773 Spiritu,

922 2792 1294 2871 sollicitati
1348 2794 1604 2873 cibum
1646 2794 2336 2875 immarcessibilem
2399 2794 2820 2904 praelibare,
2886 2796 3037 2875 sive
3100 2797 3327 2875 etiam
3379 2826 3569 2876 verae
3628 2799 3774 2875 vir-

916 2926 1097 3005 tutis
1138 2926 1466 3005 fructum
1508 2926 1973 3036 colligentes,
2030 2926 2269 3006 hostis
2306 2927 2769 3008 molimentis
2794 2928 3078 3008 diaboli
3121 2929 3767 3017 abrenuntiantes,

918 3075 1181 3136 sanctae
1228 3057 1462 3137 fidem
1498 3058 1885 3138 Trinitatis
1923 3057 2422 3149 confitentes2,
2456 3059 2807 3166 pretiosis
2844 3089 2926 3138 ac
2953 3060 3453 3139 renitentibus
3489 3088 3774 3168 marga-

915 3187 1078 3266 ritis
1105 3189 1580 3280 decoratum,
1619 3189 2000 3268 bonorum
2036 3188 2318 3268 scilicet
2341 3190 2861 3281 incrementis,
2903 3190 3304 3270 aedificium
3343 3191 3766 3279 statuimus,

916 3309 1126 3423 quod
1160 3320 1451 3426 absque
1473 3321 1915 3428 contagione
1947 3348 2193 3399 coram
2230 3321 2549 3429 judicis³
2597 3322 2981 3428 praesentia
3009 3322 3571 3400 immaculatum
3594 3349 3775 3427 pro-

917 3446 1330 3555 batumque
1362 3431 1800 3556 reperiatur,
1837 3468 1923 3528 ut
1960 3479 2112 3529 non
2147 3449 2387 3560 fragili
2424 3453 2763 3541 materia,
2794 3453 3003 3559 ligno
3037 3450 3193 3560 [ct]
3233 3452 3503 3560 stipula
3523 3513 3542 3541 ,
3572 3479 3777 3529 mor-

916 3577 1185 3656 talium
1210 3580 1557 3658 videlicet
1582 3581 2037 3660 detrimento
2064 3609 2408 3688 operum,
2435 3582 2861 3673 fundatum,
2888 3582 3215 3661 breviter
3245 3583 3763 3661 succendatur.

919 3709 1169 3801 Quare
1218 3708 1448 3817 igitur
1485 3710 1566 3786 in
1599 3725 1865 3788 sanctae
1897 3739 1982 3788 ac
2021 3711 2285 3789 divinae
2314 3711 2703 3791 Trinitatis
2741 3713 3085 3802 nomine,
3115 3713 3531 3793 Castrinovi
3570 3711 3767 3819 Ugo⁴

920 3856 1000 3918 et
1023 3840 1288 3948 conjux
1317 3868 1516 3932 mea,
1547 3842 1851 3920 nomine
1882 3840 2176 3950 Alpasia
2196 3902 2215 3932 ,
2241 3860 2315 3921 et
2348 3842 2484 3920 filii
2516 3843 2702 3932 mei,
2733 3843 3082 3922 videlicet
3106 3843 3559 3932 Gerbertus‚
3588 3843 3770 3920 Rot-

870 3977 884 3988 ”
916 3970 1176 4048 bertus
1195 4030 1213 4061 ,
1244 3988 1468 4078 atque
1496 3972 1941 4061 Bernardus,
1975 3974 2375 4081 caeterique
2401 3990 2553 4051 tam
2587 3973 2726 4052 filii
2758 4001 2989 4082 quam
3013 3971 3223 4064 filiae,
3253 3973 3524 4051 mundi
3547 3972 3769 4081 fragi-

914 4102 1204 4179 litatem
1237 4120 1487 4180 mente
1518 4120 2102 4230 perscrutantes,
2147 4122 2369 4212 atque
2408 4106 2504 4183 de
2534 4104 2674 4185 Dei
2714 4106 3225 4186 misericordia
3265 4101 3763 4194 confidentes,

1003 4369 1044 4400 ¹⁰
1087 4371 1318 4455 noaozso
1344 4372 1453 4435 ch.
1495 4321 1508 4334 ⁸
1628 4404 1632 4408 .
2507 4374 2547 4407 ¹¹
2594 4376 2837 4440 Arunda
2867 4377 2935 4442 Β.
2961 4355 3075 4440 sc.

1005 4604 1016 4633 ¹
1062 4605 1145 4666 Ex
1173 4627 1310 4670 mss.
1337 4606 1404 4668 B.
1433 4607 1499 4669 C.
1536 4620 1596 4670 et
1617 4607 1762 4678 SG.;
1798 4620 2062 4693 excerpta
2103 4609 2263 4694 apud
2321 4649 2347 4672 .
2461 4638 2464 4641 ’
2497 4608 2517 4639 ¹
2564 4608 2900 4696 Confidam
2925 4611 2993 4675 B.

912 4706 1250 4779 Chesnium‚
1282 4719 1423 4770 tom.
1455 4709 1635 4780 xxn,
1656 4709 1758 4773 sol.
1780 4710 1881 4775 88.
1904 4709 1993 4773 De
2022 4710 2259 4774 ecclesia
2494 4709 2516 4742 ⁸
2558 4713 2670 4773 Hic
2697 4713 2861 4775 locus
2890 4716 2951 4774 in
2970 4733 3111 4775 mss.
3144 4711 3211 4776 B.
3245 4723 3303 4773 et
3322 4711 3433 4776 SG.
3459 4722 3767 4796 corruptus

914 4821 972 4869 et
1007 4809 1139 4872 loco
1187 4809 1488 4875 Bonavilla
1525 4825 1863 4897 nuncupato
1881 4861 1895 4884 ‚
1942 4813 2074 4878 vide
2107 4814 2256 4876 infra
2409 4813 2675 4876 habetur.

913 4912 1004 4972 ch.
1033 4933 1133 4984 ιι,
1161 4932 1292 4984 xm,
1314 4933 1439 4975 un
1462 4925 1523 4977 et
1543 4934 1634 4977 ον.
2491 4916 2512 4947 ⁴
2559 4916 2725 5001 Haqo
2754 4917 2819 4979 B.
