4442 5769
866 591 1004 662 102
1883 586 2693 663 CHARTULARIUM

853 757 1108 862 patriae
1163 756 1514 845 coelestis,
1583 773 1656 833 et
1710 756 1806 834 de
1858 757 2000 835 Dei
2059 757 2568 836 misericordia
2627 758 3121 852 confidentes,
3187 761 3527 841 cedimus
3590 793 3711 844 res

858 888 1330 993 proprietatis
1373 905 1643 967 nostrae
1688 888 1783 967 ad
1827 890 2365 969 monasterium
2403 890 2907 996 supradictum
2953 921 2972 967 t
3026 891 3281 970 villam
3334 912 3666 973 nostram
3684 896 3711 987 ,⁴

852 1046 1017 1124 quae
1040 1036 1346 1096 vocatur
1371 1018 1739 1108 Afriacus‚
1773 1049 1947 1098 cum
1983 1000 2338 1099 omnibus
2368 1020 2475 1098 ibi
2505 1022 2970 1131 adjacentiis,
3007 1050 3185 1101 eum
3204 1025 3426 1113 ortis,
3458 1027 3703 1134 aquis,

853 1147 1255 1239 farinariis,
1293 1180 1462 1228 cum
1505 1151 1732 1229 servis
1764 1169 1842 1228 et
1877 1151 2193 1243 ancillis,
2233 1153 2313 1229 in
2342 1151 2473 1229 tali
2515 1154 3027 1234 convenientia
3050 1172 3168 1244 ut,
3204 1155 3537 1261 quandiu
3569 1186 3709 1267 ego

853 1279 1260 1359 Galfredus
1295 1282 1586 1371 advivo,
1618 1281 2173 1361 usufructuario
2207 1301 2537 1374 teneam,
2573 1301 2649 1361 et
2677 1285 2886 1363 annis
2914 1287 3231 1394 singuiis
3256 1305 3336 1364 et
3362 1304 3707 1395 tempore

856 1413 1251 1491 messionis
1291 1430 1368 1490 et
1397 1431 1739 1531 tempore
1772 1414 2196 1507 vindemiae,
2232 1415 2430 1492 inter
2465 1443 2737 1521 panem
2759 1433 2834 1493 et
2860 1418 2982 1493 vin
2995 1446 3118 1493 um
3160 1418 3507 1497 modium
3538 1448 3713 1499 cen-

855 1574 984 1623 sus
1005 1544 1453 1652 persolvam,
1495 1562 1572 1622 et
1595 1562 1767 1653 post
1804 1563 2125 1624 mortem
2165 1575 2415 1624 meam
2456 1547 2531 1625 S.
2574 1548 2793 1624 Petro
2820 1566 3236 1639 remaneat,
3276 1548 3491 1627 nulio
3533 1579 3710 1627 con-

853 1678 1292 1756 tradicente.
1335 1680 1432 1755 Et
1458 1678 1766 1756 ecclesia
1806 1679 1901 1755 de
1933 1678 2432 1784 Stranqui110,
2465 1708 2638 1757 cum
2663 1679 2823 1786 ipsa
2848 1697 3092 1771 curte,
3136 1679 3298 1763 filio
3335 1709 3504 1759 meo
3534 1682 3711 1761 Gat-

854 1808 1069 1887 fredo
1113 1811 1449 1902 dimitto,
1489 1812 1568 1888 in
1611 1811 1743 1888 tali
1781 1811 2072 1888 ratione
2111 1828 2233 1905 ut,
2283 1811 2344 1888 si
2384 1809 2632 1889 filium
2669 1812 3091 1923 legitimum
3130 1840 3283 1890 non
3318 1813 3703 1903 hahuerit,

854 1940 1241 2021 Guernoni
1292 1942 1453 2021 filio
1502 1971 1709 2033 mec,
1761 1941 1968 2020 fratri
2017 1971 2189 2032 suc,
2236 1960 2645 2033 remaneat,
2692 1961 2767 2039 et
2811 1961 3243 2050 postsssuum
3295 1946 3706 2035 dicessum,

857 2077 936 2155 S.
979 2075 1200 2152 Petro
1239 2093 1637 2153 remaneat.
1670 2076 1764 2152 Et
1799 2075 1882 2152 in
1905 2076 2062 2180 ipsa
2087 2094 2296 2153 curte
2323 2075 2785 2182 Stranquillo
2814 2078 3157 2154 cedimus
3192 2077 3287 2153 ad
3324 2079 3711 2183 supradic-

854 2225 1016 2285 tum
1067 2208 1317 2287 locum
1346 2269 1364 2297 ,
1413 2235 1551 2314 pro
1602 2206 1764 2285 filio
1822 2224 2082 2286 nostro
2140 2206 2585 2295 Guernono,
2646 2234 2992 2284 mansum
3055 2204 3187 2285 ubi
3245 2206 3711 2287 Teotbaidus

856 2357 1137 2428 manet,
1191 2368 1362 2417 cum
1404 2342 1567 2445 ipso
1619 2338 1956 2429 castello,
2009 2355 2085 2415 et
2133 2367 2306 2414 cum
2359 2339 2515 2445 ipsa
2566 2336 2916 2445 plantada
2965 2362 3203 2444 prope
3247 2336 3705 2431 adhaerente,

857 2490 931 2548 et
970 2500 1145 2548 cum
1186 2454 1341 2578 ipsa
1383 2468 1831 2548 condamina
1860 2498 2089 2575 quam
2129 2469 2226 2545 de
2266 2468 2623 2547 Odolrico
2653 2470 3333 2577 conquestavimus,
3366 2488 3440 2548 et
3479 2472 3707 2551 alium

856 2631 1200 2681 mansum
1243 2602 1377 2679 ubi
1413 2600 1847 2689 Gualterius
1883 2618 2166 2689 manet,
2206 2618 2281 2678 et
2314 2619 3006 2708 quantumcumque
3048 2602 3147 2679 ad
3178 2602 3380 2708 ipsos
3419 2630 3711 2682 mansos

858 2735 1120 2840 aspicit
1158 2751 1287 2813 aut
1331 2734 1658 2841 aspicere
1706 2731 2026 2821 videtur,
2065 2749 2313 2810 totum
2351 2750 2427 2809 et
2452 2732 2550 2809 ad
2587 2733 3000 2840 integrum,
3044 2735 3206 2811 Deo
3255 2751 3329 2811 et
3360 2734 3437 2813 S.
3490 2736 3710 2815 Petro

860 2866 1223 2946 cedimus.
1256 2869 1394 2944 Ista
1423 2893 1597 2944 vero
1629 2864 1970 2973 superius
1997 2866 2372 2943 nominata
2390 2925 2408 2954 ,
2433 2880 2681 2944 totum
2712 2881 2788 2942 et
2812 2865 2907 2943 ad
2933 2866 3310 2974 integrum
3328 2928 3345 2955 ,
3382 2862 3455 2945 S.
3492 2867 3709 2944 Petro

861 3000 1343 3090 dimittimus,
1379 3000 1458 3076 in
1490 2997 1866 3105 stipendio
1902 2985 1976 3076 et
2012 3027 2155 3076 usu
2190 2997 2767 3089 monachorum,
2810 3023 2985 3075 cum
3016 2998 3249 3088 silvis,
3279 2998 3542 3104 pratis,
3569 3025 3714 3076 ser·

856 3135 965 3211 vis
1004 3149 1078 3210 et
1114 3131 1423 3210 ancillis.
1478 3134 1649 3209 Haec
1697 3149 1893 3209 carta
1936 3130 2122 3208 facta
2171 3149 2287 3208 est
2336 3155 2593 3208 mense
2640 3129 3112 3219 novembriO,
3166 3148 3520 3237 regnante
3560 3134 3705 3207 Ro-

861 3265 1075 3345 dulfo
1104 3293 1305 3374 rege.
1352 3267 1429 3345 S.
1468 3264 1852 3344 Gualfredi
1893 3281 1969 3341 et
2002 3263 2256 3341 uxoris
2291 3292 2441 3340 suae
2473 3261 2823 3341 Elizabet.
2860 3263 2935 3341 S.
2976 3261 3400 3341 Gauzberti.
3447 3257 3521 3340 S.
3565 3264 3710 3340 Bo-

860 3397 1148 3475 nefacii.
1194 3398 1271 3476 S.
1315 3396 1763 3504 Agamberti.
1807 3395 1884 3473 S.
1928 3395 2316 3499 Stephani.
2538 3421 2543 3426 ·

2180 3968 2407 4042 LVII.

1047 4178 1318 4260 [Donum
1348 4176 1512 4261 quod
1537 4176 1804 4237 fecerunt
1831 4174 2120 4238 Rodulsus
2150 4185 2208 4235 et
2238 4195 2386 4235 uxor
2414 4176 2539 4256 ejus
2568 4170 2885 4234 Bertlindis
2913 4172 2977 4232 in
3007 4168 3141 4232 villa
3168 4165 3525 4246 Cunoellas.]

438 4461 454 4492 ¹
491 4458 608 4493 πον·
637 4442 765 4494 88²·
973 4432 1322 4539 Oportet,
1366 4430 2012 4537 appropinquante
2042 4427 2202 4535 jam
2240 4426 2514 4504 mundi
2555 4426 2764 4503 senio
2812 4440 2888 4502 et
2926 4423 3024 4499 ad
3060 4450 3406 4500 occasum
3450 4419 3717 4526 impel-

430 4658 456 4701 Ρ
482 4646 535 4688 ⁸,
562 4643 627 4686 sc
667 4657 694 4701 P
724 4645 802 4690 m
862 4563 1098 4651 lente,
1144 4563 1241 4640 de
1290 4561 1731 4639 transitoriis
1787 4578 1861 4638 et
1914 4559 2212 4637 caducis
2264 4559 2493 4638 vitam
2552 4575 2909 4638 aeternam
2966 4581 3335 4644 mercare,
3391 4569 3466 4629 et
3500 4551 3715 4658 pium

371 4675 381 4685 ⁶
460 4674 593 4778 'Osr-
621 4673 717 4775 1‘17‘·
807 4671 1403 4774 'retributorem
1464 4694 1879 4772 Dominum
1949 4692 2044 4768 de
2104 4690 2286 4797 ipsis
2349 4690 2506 4768 suis
2567 4688 2797 4768 rebus
2844 4684 3207 4768 heredem
3261 4684 3572 4772 habere,
3634 4697 3719 4758 ut

862 4843 1033 4904 ante
1065 4823 1392 4904 tribunal
1432 4824 1666 4933 ipsius
1703 4823 1996 4902 veniam
2038 4821 2346 4929 adipisci
2385 4819 2792 4928 possimus,
2835 4848 2930 4895 ne
2971 4816 3165 4896 forte
3208 4843 3410 4893 mors
3449 4840 3718 4919 repen-

859 4958 1016 5036 tina
1057 4957 1390 5066 aliquem
1429 4958 1876 5063 imparatum
1917 4954 2271 5032 inveniat.
2315 4953 2795 5060 Quapropter
2819 4977 2960 5028 nos
2990 4949 3068 5028 in
3098 4945 3379 5028 Christi
3410 4937 3719 5026 nomine
