4442 5769
1777 598 2433 672 CHARTARUM.
3379 598 3527 669 285

678 751 831 820 932,
863 760 1008 834 sept.
1039 747 1382 817 Rotbertus‚
1409 766 1607 809 comes
1630 745 2028 808 Turennensis
2063 748 2255 829 (vetus
2282 768 2478 809 comes
2507 747 2757 829 dictus),
2802 760 2859 811 et
2887 749 3279 811 elemosinarii
3310 748 3525 832 plures,

1273 872 1381 936 pro
1411 849 1667 912 Galdoni
1695 851 1889 910 anima
1918 849 2116 911 villam
2145 850 2429 933 Damiago
2454 851 2670 911 dictam
2696 852 3062 922 condonant,
3088 849 3288 915 CVIII.

681 956 835 1025 936,
862 967 975 1017 oct.
1006 955 1247 1017 Donum
1272 954 1518 1017 Ebroini
1542 954 1617 1015 de
1646 953 1865 1039 capella
1893 952 1955 1016 S.
1988 953 2214 1022 Boniti,
2247 953 2607 1016 CLXXVIII.

682 1060 837 1129 937,
868 1080 1001 1142 aug.
1037 1058 1278 1120 Donum
1313 1057 1477 1140 quod
1514 1056 1800 1119 Alboinus
1844 1056 1978 1117 fecit
2013 1077 2122 1143 pro
2161 1057 2357 1118 anima
2385 1055 2694 1128 Richildis,
2723 1058 3025 1141 quondam
3047 1061 3243 1121 uxoris
3273 1082 3416 1123 suae.
3459 1060 3532 1117 de

1273 1159 1461 1222 Plevis
1487 1160 1623 1221 etin
1647 1159 2031 1242 Laustangas,
2060 1158 2365 1222 CLXXIV.

683 1265 826 1335 939,
857 1263 1024 1348 april.
1069 1264 1312 1326 Donum
1331 1262 1604 1327 Gozberti
1624 1262 1689 1323 in
1715 1261 2043 1324 Brancelias
2070 1272 2129 1323 et
2154 1263 2218 1322 in
2243 1262 2486 1331 Meleto,
2517 1260 2769 1325 CXLIII.

684 1366 836 1438 940,
858 1366 972 1452 jul.
1018 1366 1282 1428 Rotberti
1300 1365 1426 1426 laxa
1455 1365 1531 1426 de
1560 1365 1802 1426 ecclesia
1830 1365 1905 1427 de
1922 1365 2173 1449 Campo,
2205 1365 2355 1427 LIII.

684 1471 839 1541 943,
873 1471 1018 1534 febr.
1065 1470 1217 1531 Laxa
1246 1468 1583 1552 Agamberti
1612 1467 1688 1529 de
1706 1466 1976 1552 pluribus
2004 1467 2237 1552 proediis
2265 1470 2329 1529 in
2354 1468 2832 1530 Montemediano
2861 1468 3020 1539 villa,
3055 1470 3254 1533 LVIII.

684 1574 840 1644 943,
859 1572 973 1658 jul.
1019 1573 1203 1636 Breve
1231 1571 1397 1655 quod
1418 1570 1554 1633 fecit
1581 1571 1919 1641 Rainulfus‚
1943 1571 2141 1633 CLIX.

685 1677 835 1739 943·
839 1676 993 1748 948,
1027 1676 1139 1760 jul.
1193 1674 1446 1737 Donatio
1505 1673 1778 1737 Gozberti
1832 1674 2186 1736 vicecomitis
2242 1685 2300 1736 et
2361 1676 2486 1759 ejus
2539 1675 2736 1736 uxoris
2796 1674 3102 1757 Ricburgis
3164 1673 3239 1736 de
3297 1674 3535 1734 ecclesia

1275 1778 1336 1841 S.
1348 1778 1631 1861 Dionysii,
1645 1800 1782 1839 cum
1803 1778 2275 1848 curteLenziaco,
2288 1778 2557 1860 villisque
2569 1779 2616 1838 F
2617 1777 2836 1838 loriaco
2843 1777 3136 1860 ‚Signaco
3151 1787 3257 1838 etc.
3273 1776 3532 1838 XXVIII

686 1882 837 1946 943-
841 1880 1005 1950 948,
1038 1879 1150 1965 jul.
1195 1880 1439 1942 Donum
1479 1880 1744 1941 Rainaldi
1775 1879 2125 1941 vicecomitis
2156 1892 2215 1941 et
2245 1881 2440 1942 uxoris
2470 1882 2598 1964 ejus
2627 1879 2898 1949 Alsinclis‚
2942 1879 3017 1941 de
3047 1878 3346 1941 Petraficta
3372 1877 3532 1945 villa.

1281 1984 1432 2045 LXI.

688 2088 841 2156 948,
872 2087 1010 2148 mai.
1056 2086 1242 2149 Breve
1266 2087 1430 2170 quod
1459 2086 1724 2149 fecerunt
1752 2084 2100 2149 Gotafredus
2127 2099 2185 2149 et
2205 2085 2487 2147 Alcuinus
2518 2087 2580 2147 in
2618 2087 2939 2157 Fet-radas,
2970 2084 3282 2147 CXXXIX.

687 2188 996 2259 954-967,
1028 2210 1162 2250 nov.
1208 2189 1445 2251 Donum
1475 2187 1636 2272 quod
1672 2189 1939 2251 fecerunt
1963 2189 2292 2252 Gauzlenus
2320 2199 2378 2250 et
2401 2190 2659 2272 Ranguis
2683 2190 2746 2250 in
2781 2188 2911 2250 villa
2934 2188 3247 2255 Marciaco.
3284 2187 3535 2249 CXLIX.

690 2291 964 2355 954-967
981 2338 996 2360 ,
1053 2290 1180 2354 dec.
1241 2293 1392 2353 Laxa
1450 2290 1718 2353 Gozfredi
1764 2293 2085 2377 presbyteri
2143 2294 2219 2355 de
2268 2292 2719 2378 capmansionile
2769 2293 2833 2352 in
2884 2292 3322 2355 Barentennaco
3374 2289 3533 2353 villa.

1282 2393 1535 2458 LXXIV.

691 2496 991 2560 954-967.
1016 2497 1169 2559 Laxa
1197 2498 1447 2580 Remigii
1476 2497 1554 2559 de
1580 2518 1786 2559 manso
1814 2519 1938 2559 uno
1966 2499 2031 2559 in
2057 2496 2190 2558 villa
2214 2497 2460 2567 on-iolz,
2494 2497 2597 2558 ubi
2626 2496 2979 2559 miraculum
3005 2495 3305 2579 quoddam
3335 2516 3440 2578 per
3471 2496 3535 2554 Β.

1281 2601 1540 2662 Rainerii
1568 2602 1842 2664 virtutem
1867 2599 2142 2663 effectum
2170 2611 2552 2671 memoratur,
2584 2600 2762 2661 LXX.

690 2703 1009 2773 955-985‚
1029 2707 1163 2788 jun.
1195 2704 1436 2765 Donum
1455 2702 1707 2787 Catgerii
1736 2704 1813 2766 de
1840 2705 2007 2766 vinea
2038 2705 2100 2764 in
2130 2702 2430 2773 Altudrio‚
2461 2702 2717 2766 CXXVI.

690 2808 841 2876 960,
880 2808 951 2869 ι3
974 2806 1087 2891 jul.
1120 2806 1335 2868 Notitia
1365 2806 1560 2892 placiti
1590 2817 1648 2868 et
1666 2805 1849 2867 duelli
1876 2828 1984 2892 per
2011 2807 2347 2892 campiones
2371 2805 2584 2874 habiti,
2608 2818 2743 2866 ante
2767 2805 3208 2889 Regimundum
3233 2808 3505 2868 comitem
3524 2855 3536 2873 ‚

1135 2928 1138 2931 ·
1282 2909 1358 2971 de
1381 2910 1623 2972 ecclesia
1645 2910 1705 2972 S.
1735 2910 2000 2972 Medardi
2020 2909 2097 2971 de
2127 2910 2348 2979 Prisca,
2382 2909 2610 2972 XLVII.

691 3014 833 3084 967,
866 3012 1008 3074 febr.
1057 3010 1281 3075 Ebolus
1325 3022 1384 3074 et
1427 3012 1829 3094 Ermingardis
1868 3010 2063 3072 villam
2113 3010 2403 3073 Candidas
2455 3021 2513 3072 et
2548 3011 2720 3095 plura
2765 3011 2826 3071 in
2877 3012 3140 3074 Scalucia
3187 3023 3245 3073 et
3303 3012 3539 3073 Albiaco

1282 3113 1619 3174 condonant
1633 3159 1647 3182 ,
1670 3113 1935 3174 LXXIII.

692 3216 836 3281 968.
883 3214 1207 3286 Ramnulfi‚
1235 3214 1474 3277 Geraldi
1504 3215 2168 3298 elemosinariorumque
2196 3214 2447 3276 aliorum
2477 3214 2603 3276 laxa
2626 3237 2735 3300 pro
2766 3217 2957 3276 anima
2976 3217 3240 3298 Uguoni.
3266 3216 3410 3277 CIX.

695 3318 1016 3387 969·984,
1049 3317 1175 3379 dec.
1222 3318 1376 3378 Laxa
1404 3317 1801 3400 Ragamsredi,
1833 3317 2137 3379 CXLVIII.

695 3424 849 3492 970,
870 3434 984 3483 oct.
1015 3423 1185 3482 circa.
1209 3422 1359 3484 Laxa
1386 3421 1697 3484 Gauzberti
1724 3421 1800 3483 de
1824 3422 1993 3483 vinea
2013 3423 2077 3482 in
2102 3422 2445 3504 Pagaciaco,
2472 3421 2671 3484 XCVI.

693 3527 810 3588 971
827 3573 841 3596 ,
868 3533 1040 3586 mart.
1062 3524 1230 3586 circa.
1275 3523 1425 3585 Laxa
1448 3522 1678 3606 Rigaldi
1705 3543 1814 3609 pro
1845 3524 2038 3585 anima
2067 3536 2377 3609 parentum
2407 3546 2679 3594 suorum,
2701 3523 2949 3587 CLXIV.

695 3631 808 3693 971
865 3629 1034 3689 circa.
1109 3627 1293 3690 Breve
1329 3624 1672 3689 memoriale
1709 3625 1872 3710 quod
1911 3626 2174 3689 fecerunt
2213 3627 2500 3690 Geraldus
2526 3638 2583 3690 et
2610 3627 2956 3710 Adalgerius
2981 3626 3215 3690 abbates
3231 3674 3244 3697 ‚
3267 3649 3375 3713 pro
3400 3640 3540 3689 tem·

1284 3749 1456 3814 pore,
1482 3727 1732 3812 qualiter
1767 3740 2084 3791 tenuerunt
2111 3729 2399 3790 honorem
2427 3730 2496 3791 B.
2531 3729 2687 3790 Petri
2723 3730 2875 3789 inter
2904 3751 2966 3789 se
2994 3729 3058 3789 in
3081 3730 3338 3791 venturis
3369 3752 3540 3812 gene·

1287 3831 1637 3901 rationibus,
1668 3831 1736 3892 L.

694 3937 846 4004 975,
876 3946 1046 3996 mart.
1091 3933 1413 3999 Gerbertus
1443 3944 1503 3996 et
1530 3956 1679 3995 uxor
1702 3935 1828 4019 ejus
1857 3934 2024 3996 Deda
2051 3934 2219 4017 plura
2244 3933 2467 3995 donant
2493 3933 2558 3993 in
2583 3934 2792 3994 vicaria
2817 3932 3179 4017 Argentado‚
3207 3933 3434 3998 LXXV.

694 4038 847 4107 984,
879 4038 1042 4123 april.
1087 4039 1272 4101 Breve
1300 4037 1551 4099 Ratbodi
1581 4049 1639 4100 et
1667 4036 1946 4121 Stephani
1961 4057 2068 4121 pro
2097 4036 2276 4098 altare
2303 4037 2364 4100 S.
2396 4036 2699 4099 Benedicti
2728 4036 3149 4106 illuminando,
3182 4035 3299 4097 CL.

696 4140 817 4204 984
849 4161 955 4203 seu
989 4143 1142 4211 985,
1182 4142 1320 4203 mai.
1375 4143 1545 4203 circa.
1616 4141 1858 4203 Donum
1896 4140 2175 4205 Gauzleni
2208 4140 2283 4202 de
2315 4140 2584 4224 pluribus
2625 4142 2686 4200 in
2735 4141 3019 4204 Marciaco
3055 4152 3113 4201 et
3164 4140 3224 4199 in
3264 4139 3539 4208 Palierio,

1286 4243 1571 4306 LXXXV.

696 4344 989 4408 988-993
1004 4391 1018 4413 ,
1048 4346 1184 4405 mai.
1205 4346 1597 4407 'fransoendis
1620 4346 1835 4407 femina
1862 4345 2031 4432 plura
2061 4346 2332 4407 concedit
2357 4347 2421 4406 in
2439 4347 2652 4407 vicaria
2677 4345 3020 4416 Asnacensi‚
3042 4344 3352 4408 CXXVIII.

696 4448 857 4511 997·
876 4447 1059 4517 1031,
1112 4445 1257 4508 febr.
1315 4447 1590 4509 Venditio
1649 4470 1827 4531 quam
1894 4447 2180 4510 Geraldus
2241 4459 2300 4510 et
2365 4449 2683 4533 Ildegardis
2749 4447 3014 4510 fecerunt
3078 4450 3140 4510 in
3212 4448 3534 4519 Cassanias‚

1287 4547 1648 4611 CXXXVIII.

699 4651 1035 4720 997-1031‚
1062 4671 1184 4735 apr.
1218 4650 1492 4713 Venditio
1513 4651 1589 4713 de
1610 4651 1788 4712 bosco
1817 4651 1911 4713 Ad
1933 4651 2034 4713 illa
2057 4652 2326 4724 Vaxeria,
2350 4652 2688 4715 CXXXVII.

697 4756 1047 4825 997-1031,
1075 4754 1211 4814 mai.
1255 4753 1496 4815 Donum
1520 4754 1674 4815 Petri
1703 4753 1778 4815 de
1803 4776 2112 4839 capmanso
2141 4757 2401 4840 quodam
2430 4757 2491 4817 in
2520 4755 2906 4839 Str-anquillo‚
2941 4756 3222 4819 LXXVII.

697 4859 844 4921 997·
862 4858 1042 4920 1031.
1073 4856 1347 4919 Venditio
1371 4878 1550 4940 quam
1578 4856 1890 4918 Rotbertus
1920 4869 1978 4918 et
2005 4879 2153 4919 uxor
2175 4861 2302 4944 ejus
2327 4858 2572 4921 Stevena
2591 4858 2879 4928 fecerunt,
2911 4858 3136 4921 CXVII.

698 4959 1034 5030 997-1031,
1057 4960 1192 5020 mai.
1240 4960 1388 5022 Laxa
1416 4959 1701 5024 Bernardi
1728 4961 2048 5046 presbyteri
2068 4973 2126 5023 et
2143 4960 2509 5024 Constantini
2540 4963 2812 5032 fratrum,
2843 4961 3096 5023 CXVIII.
