4442 5769
531 2266 654 2319 Mai.
683 2236 808 2339 8⁵92

443 2469 553 2526 Ep·
574 2472 643 2516 40.
662 2468 744 2513 SG.
759 2486 801 2529 p.
821 2475 890 2518 55.

555 2544 602 2585 C.
625 2558 669 2600 p.
691 2548 762 2588 58.

971 520 1065 589 52
1989 524 2791 604 CHARTULARIUM

963 682 1390 764 firmitatem
1429 690 1642 796 quasi
1668 690 1761 767 de
1787 692 2310 800 quinquennio
2349 697 2427 774 in
2467 699 3071 806 quinquennium
3097 702 3408 782 fuissent
3428 726 3797 787 renovatae

958 811 1076 889 vel
1123 813 1348 893 factae.
1397 819 1615 896 Facta
1669 822 1997 926 precaria
2055 824 2213 902 haec
2271 826 2350 903 in
2399 856 2657 906 mense
2710 832 2941 925 maio,
2997 851 3263 939 quarto
3313 837 3795 917 annoKaroli

957 945 1269 1023 minoris
1345 951 1602 1055 regis⁵.
1664 951 2117 1032 Guarnarius
2193 955 2546 1065 indignus
2613 961 2995 1052 sacerdos,
3045 963 3142 1042 ad
3207 966 3441 1044 vicem
3502 967 3794 1046 domini

954 1075 1291 1169 Stodiliss,
1334 1082 1783 1188 recognovit.

2243 1702 2494 1775 XXIV.

1031 1899 1451 1980 [Commutatio
1473 1902 1627 1963 inter
1655 1901 1979 1965 Rodulfum
2006 1903 2340 1991 archiepisc.
2372 1905 2811 1989 Stodilumque,
2844 1909 3316 1973 Lemovicensem
3344 1915 3681 1983 antistitem,

1700 2007 1776 2068 de
1804 2007 2056 2069 ecclesiis
2084 2006 2160 2069 de
2185 2008 2478 2070 Nonnaris
2501 2020 2559 2070 et
2581 2009 2657 2071 de
2678 2011 3025 2093 Siuim'aco.]

2185 2128 2218 2163 0

1054 2259 1257 2338 Inter
1293 2288 1486 2367 quos
1522 2261 1839 2340 charitas
1884 2260 2166 2341 illibata
2205 2263 2699 2368 permanserit
2743 2292 2913 2370 pars
2962 2266 3154 2371 parti
3202 2295 3342 2373 pro
3392 2270 3779 2376 oportunis

932 2385 1315 2467 beneficiis
1352 2408 1764 2482 mutuatur,
1816 2392 1992 2497 quia
2034 2392 2289 2470 nullus
2329 2392 2425 2471 de
2465 2394 2787 2502 propriis
2834 2394 3060 2473 rebus
3108 2397 3394 2474 censuit
3432 2399 3779 2478 minuen-

932 2518 1114 2598 dum
1158 2521 1388 2627 quod'
1416 2540 1670 2600 contra
1716 2523 1980 2628 recipit
2016 2522 2093 2599 in
2133 2540 2560 2630 augmento.
2600 2525 2834 2632 Igitur
2873 2523 3091 2615 bonae
3134 2527 3335 2633 pacis
3384 2545 3462 2605 et
3495 2529 3777 2609 nullius

930 2651 1332 2758 imperium
1370 2652 1737 2762 cogentis,
1771 2669 2261 2760 utrarumque
2299 2653 2623 2760 partium
2663 2654 3105 2761 compendia
3131 2657 3607 2762 providentes
3639 2686 3774 2767 pro

928 2784 1274 2893 congruis
1319 2781 1707 2861 beneficiis
1728 2844 1745 2873 ,
1799 2783 2076 2890 placuit
2127 2800 2353 2892 atque
2408 2785 2750 2863 convenit
2802 2785 2999 2865 inter
3043 2786 3503 2867 venerabiles
3544 2790 3767 2881 viros,

924 2914 1329 2993 Rodulfum
1379 2915 1863 3023 Biturigensis
1906 2916 2162 3022 primae
2207 2908 2556 2994 videlicet
2609 2917 2808 2994 sedis
2852 2917 3288 3024 episcopum
3305 2978 3323 3008 ,
3383 2937 3460 2998 et
3494 2948 3584 2997 ex
3628 2920 3768 3000 alia

921 3065 1128 3153 parte
1180 3046 1598 3126 Stodilum¹
1652 3046 2219 3138 Limovicensis,
2268 3063 2356 3124 ut
2404 3046 2745 3126 ecclesias
2808 3064 2884 3125 et
2938 3076 3058 3126 res
3116 3049 3211 3126 ad
3265 3049 3560 3128 easdem
3596 3065 3769 3157 per-

916 3179 1241 3257 tinentes
1280 3178 1476 3256 inter
1522 3206 1601 3256 se
1655 3195 2114 3257 commutare
2167 3167 2565 3268 deberent,
2623 3178 2834 3286 quod
2882 3178 2985 3258 ita
3034 3195 3108 3257 et
3144 3178 3505 3258 fecerunt.
3538 3181 3768 3259 Dedit

922 3309 1174 3417 itaque
1236 3309 1580 3416 praefatus
1638 3306 2011 3387 Rodulsus
2068 3308 2672 3416 archiepiscopus
2728 3307 3064 3415 partibus
3120 3309 3196 3388 S.
3268 3306 3624 3415 Stephani
3689 3328 3768 3389 et

917 3441 1248 3547 praedicti
1292 3440 1562 3519 Stodili
1601 3438 1928 3546 episcopi
1983 3438 2367 3517 ecclesiam
2419 3467 2632 3518 suam
2688 3467 2776 3516 ex
2814 3437 3030 3518 alode
3070 3440 3410 3546 proprio,
3451 3469 3615 3547 quae
3653 3459 3766 3521 est

917 3569 997 3647 in
1046 3570 1413 3649 honorem
1445 3571 1520 3649 S.
1556 3570 1895 3660 Martini,
1944 3570 2155 3678 cujus
2200 3569 2638 3649 vocabulum
2689 3588 2800 3648 est
2837 3570 3230 3659 Nonnaris,
3273 3570 3351 3646 in
3387 3568 3572 3649 orbe
3623 3573 3764 3648 Le-

916 3703 1321 3792 movicinO,
1355 3702 1433 3778 in
1470 3701 1736 3779 vicaria
1771 3700 2219 3790 Asnacense,
2260 3729 2436 3778 eum
2465 3700 2685 3778 terris
2725 3716 2797 3777 et
2832 3700 3093 3807 pratiS,
3137 3699 3371 3788 silvis,
3415 3700 3649 3778 vineis
3686 3718 3761 3778 et

915 3833 1355 3912 decursibus
1410 3807 1804 3942 aquarum,
1878 3851 2580 3941 quantumcumque
2637 3831 2733 3912 ad
2791 3832 3029 3937 ipsam
3086 3831 3472 3909 ecclesiam
3533 3832 3762 3937 perti-

911 3984 1122 4058 nent,
1154 3983 1241 4044 ut
1276 3965 1546 4044 faciant
1570 3983 1722 4043 tam
1746 3962 2094 4078 praefatus
2123 3963 2463 4043 Stodilus
2502 3961 2893 4071 episcopus
2924 3991 3153 4072 quam
3194 3980 3271 4041 et
3294 3990 3758 4042 successores

908 4097 1175 4204 ipsius,
1211 4098 1386 4207 jure
1425 4095 1955 4187 ecclesiasticO,
2000 4093 2367 4202 quicquid
2415 4093 2801 4202 elegerint.
2843 4080 2937 4172 Et
2990 4098 3283 4172 contra²
3323 4091 3542 4171 dedit
3587 4092 3759 4171 Sto-

909 4229 1104 4307 dilfis
1134 4229 1339 4308 idem
1362 4228 1760 4335 episcopus
1779 4219 2111 4305 Rodulfo
2133 4223 2719 4332 archiepiscopo,
2742 4224 2839 4302 ad
2857 4222 3247 4332 proprium
3277 4221 3607 4301 allodem
3625 4283 3643 4312 ,
3676 4222 3755 4299 in

905 4361 1258 4468 praedicto
1290 4360 1507 4450 orbe,
1552 4359 1647 4436 de
1678 4356 1909 4436 rebus
1940 4357 2017 4435 S.
2054 4355 2444 4464 Stephani,
2480 4371 2557 4432 et
2588 4355 2667 4434 in
2695 4353 2988 4461 praefata
3027 4354 3293 4434 vicaria
3315 4413 3333 4442 ‚
3371 4351 3756 4432 ecclesiam

992 4563 1010 4592 ⁸
1053 4562 1293 4624 Iuniori}
1333 4562 1401 4624 B.
1432 4562 1675 4624 Carolus
1715 4562 1850 4631 iste,
1890 4558 2046 4621 filius
2090 4557 2287 4621 Caroli
2398 4558 2564 4622 Notos
2588 4569 2641 4619 et
2665 4558 3160 4625 ἐσὶαἰνοίεωηιεηω,
3184 4577 3346 4617 num.
3376 4574 3453 4615 xx.
3476 4589 3559 4601 —
3584 4551 3605 4582 ⁴
3630 4550 3752 4614 Sto·

906 4664 1093 4734 Calvi.
1141 4686 1240 4727 rex
1272 4664 1703 4750 Aquitanorum
1727 4664 1854 4727 fuit.
1880 4662 2029 4726 Vide
2068 4683 2246 4748 supra
2268 4693 2281 4717 2
2397 4661 2501 4724 dili
2527 4660 2690 4724 deest
2716 4659 2831 4724 SG.

990 4898 1005 4931 ¹
1049 4897 1317 4962 Stolidam
1343 4898 1490 4962 Just.
2491 4894 2511 4925 ¹
2555 4895 2633 4956 Et
2660 4906 2872 4958 contra.
2903 4941 2916 4955 .
2947 4940 2959 4954 .
2985 4894 3267 4979 proprium
3284 4891 3500 4954 desunt
3517 4888 3636 4952 SG.
