4442 5769
947 560 1094 633 248
1954 557 2761 631 CHARTULARIUM

944 728 1269 806 Belliloci
1289 788 1306 815 ,
1351 729 1429 804 in
1469 727 1920 803 monasterio
1953 725 2088 803 ubi
2128 724 2498 803 Rodulfus
2527 724 2756 802 abbas
2795 752 2884 803 eo
2918 744 3259 831 tempore
3307 751 3616 833 praeesse
3661 729 3779 805 di-

947 858 1301 936 noscitur.
1346 856 1860 950 Quamobrem
1913 883 2050 960 ego
2115 856 2192 933 in
2248 855 2524 933 Christi
2573 856 2878 932 nomine
2931 856 3341 933 Ebroinus¹
3383 855 3772 961 presbiter,

945 1005 1292 1066 metuens
1336 1014 1587 1064 casum
1644 984 2055 1094 fragilitatis
2104 985 2386 1074 saeculi,
2430 1013 2568 1090 pro
2607 984 2946 1062 remedio
2986 986 3251 1061 animae
3299 1013 3487 1062 meae
3513 1003 3601 1077 ,et
3637 1015 3776 1091 pro

943 1090 1338 1195 animabus
1374 1117 1804 1225 genitorum
1844 1130 1919 1191 et
1964 1114 2278 1192 fratrum
2317 1142 2662 1193 meorum
2693 1174 2710 1202 ,
2763 1129 2850 1191 ut
2887 1114 2965 1190 in
3008 1113 3131 1191 die
3160 1115 3429 1222 judicii
3484 1116 3773 1193 veniam
3832 1095 3836 1099 .

941 1248 1275 1325 tribuere
1322 1247 1674 1353 dignetur
1709 1261 2016 1350 propter
2064 1245 2243 1333 hoc,
2292 1243 2495 1321 dono
2546 1245 2641 1320 ad
2688 1245 3257 1349 suprascriptam
3307 1273 3550 1323 casam
3599 1246 3772 1333 Dei,

944 1380 1022 1453 in
1085 1379 1275 1455 meis
1321 1374 1850 1465 luminaribus,
1896 1374 2254 1480 capellam
2305 1402 2545 1450 meam
2598 1374 3160 1452 dominicariam
3216 1402 3380 1481 quae
3443 1392 3558 1451 est
3607 1375 3778 1452 fun-

945 1509 1113 1583 data
1158 1508 1234 1582 in
1290 1509 1659 1584 honorem
1698 1506 1775 1582 S.
1818 1505 2099 1591 Boniti,
2148 1504 2231 1580 in
2276 1503 2440 1579 villa
2491 1532 2658 1609 quae
2706 1504 2984 1581 dicitur
3024 1503 3336 1591 Chauci;
3379 1521 3455 1580 et
3502 1505 3580 1579 in
3619 1505 3774 1609 ipsa

943 1636 1143 1724 villa,
1174 1665 1470 1714 mansos
1493 1653 1815 1743 quatuor
1845 1634 2407 1723 ecclesiasticoS,
2437 1661 2611 1711 cum
2628 1634 2864 1712 vineis
2892 1634 2998 1712 ibi
3031 1634 3603 1712 adhaerentibus.
3634 1637 3776 1713 Ista

943 1767 1192 1843 omnia
1223 1766 1565 1871 superius
1593 1766 1893 1871 scripta,
1937 1791 2112 1839 cum
2143 1762 2353 1840 omni
2383 1763 2834 1869 integritate,
2870 1792 3042 1840 cum
3073 1764 3288 1855 casis,
3320 1764 3574 1851 terris,
3605 1763 3778 1840 aedi-

944 1894 1165 1988 ficiis,
1207 1924 1623 2002 eorumque
1671 1893 2174 2004 pertinentiis,
2223 1920 2391 1970 cum
2454 1873 2785 1999 campis,
2823 1893 3082 1998 pratiS,
3129 1893 3455 1999 pascuis,
3506 1894 3768 1983 vineis,

941 2024 1175 2113 silvis,
1224 2027 1436 2131 aquis
1480 2052 1931 2132 aquarumve
1972 2023 2445 2114 decursibus,
2493 2024 2819 2130 quaesitis
2864 2024 2982 2101 vel
3021 2023 3617 2130 adinquirendis,
3654 2042 3774 2102 to-

938 2173 1102 2232 tum
1146 2172 1222 2232 et
1251 2155 1346 2233 ad
1375 2154 1777 2262 integrum,
1813 2182 1952 2261 ego
1987 2155 2192 2231 dono
2236 2153 2497 2231 eadem
2538 2154 2662 2231 die
2701 2171 2976 2260 quanta
3017 2182 3184 2229 mea
3224 2171 3334 2231 est
3366 2155 3767 2258 possessio,

943 2286 1204 2362 eadem
1245 2312 1419 2363 vero
1468 2285 1753 2361 ratione
1798 2284 1981 2360 dum
2018 2282 2470 2360 Amalricus²
2510 2282 2735 2361 frater
2780 2311 2994 2360 meus
3033 2283 3235 2371 vivit,
3291 2300 3365 2360 et
3401 2283 3772 2362 Johannes

942 2442 1175 2521 nepos
1219 2442 1468 2504 meus,
1520 2430 1597 2490 et
1632 2412 1987 2493 Gibertus
2024 2412 2252 2490 frater
2295 2440 2506 2500 suus,
2553 2411 3268 2490 usumfrnctuarium
3313 2412 3660 2520 colligant
3689 2432 3774 2491 et

939 2573 1075 2649 per
1106 2543 1439 2649 singulos
1478 2569 1712 2619 annos
1751 2542 1828 2619 S.
1858 2541 2058 2617 Petri
2096 2540 2432 2620 Belliloci
2474 2540 2789 2619 basilicae
2825 2542 3104 2620 solidos
3132 2542 3469 2648 quinque
3501 2541 3775 2648 persol-

940 2691 1141 2760 νηοῖς
1174 2689 1344 2778 post
1378 2670 1682 2748 illorum
1715 2697 2020 2776 quoque
2053 2670 2427 2770 dicessum
2455 2687 2783 2749 rectores
2819 2670 3153 2777 ejusdem
3190 2672 3266 2749 S.
3305 2673 3502 2749 Petri
3535 2672 3770 2778 ipsam

939 2801 1293 2909 capellam
1336 2801 1694 2908 recipiant
1740 2815 1816 2876 et
1861 2798 2130 2876 faciant
2176 2800 2536 2908 quicquid
2585 2799 2974 2879 voluerint.
3024 2802 3217 2879 Sane
3267 2802 3328 2878 si
3380 2802 3582 2909 quis,
3633 2830 3770 2911 ego

938 2935 1097 3038 ipse
1137 2933 1527 3009 immutata
1567 2931 1981 3018 voluntate,
2032 2946 2162 3008 aut
2202 2929 2407 3008 ullus
2447 2930 2543 3008 de
2588 2932 2779 3008 meis
2827 2931 3233 3010 heredibus
3271 2949 3397 3009 aut
3433 2932 3589 3010 ulla
3628 2934 3773 3009 im·-

935 3063 1156 3141 missa
1186 3090 1535 3168 persona,
1566 3079 1816 3140 contra
1845 3061 2036 3138 hanc
2066 3077 2338 3137 cartam
2373 3061 2964 3139 elemosinariam
2997 3061 3505 3140 contradicere
3529 3061 3773 3140 volue-

937 3195 1064 3278 rit,
1112 3211 1511 3301 componat
1547 3192 1930 3270 vincuium
1969 3192 2387 3271 solidorum
2430 3193 2830 3300 sexaginta,
2882 3207 2958 3274 et
3001 3221 3135 3269 sua
3172 3193 3436 3298 petitio
3471 3191 3769 3269 nullum

939 3322 1273 3400 obtineat
1299 3321 1649 3400 effectum
1672 3382 1688 3408 ,
1733 3320 1867 3399 sed
1905 3338 2096 3397 carta
2124 3322 2261 3398 ista
2296 3320 2508 3398 firma
2541 3339 2613 3398 et
2642 3321 2923 3399 stabilis
2951 3338 3382 3427 permaneat
3413 3337 3489 3398 et
3519 3322 3773 3398 incon-

936 3452 1165 3527 vulsa.
1207 3452 1305 3527 Et
1342 3451 1399 3526 si
1444 3451 1659 3527 istam
1700 3451 2183 3527 donationem
2220 3451 2417 3528 ullus
2456 3451 2552 3529 ad
2591 3452 2905 3532 invicem
2963 3451 3055 3527 de
3110 3453 3397 3530 honore
3445 3453 3519 3530 S.
3572 3453 3772 3528 Petri
3805 3457 3820 3483 '

938 3605 1275 3683 separare
1311 3577 1624 3656 voluerit
1665 3594 1795 3654 aut
1842 3578 2162 3655 alienare
2182 3638 2200 3667 ,
2244 3581 2430 3656 iram
2471 3581 2613 3658 Dei
2664 3583 3197 3687 omnipotentis
3244 3582 3579 3660 incurrat
3616 3598 3692 3658 et
3731 3610 3769 3658 a

935 3707 1322 3786 liminibus
1369 3725 1796 3786 sanctorum
1844 3707 2244 3785 derelictus
2294 3727 2368 3785 et
2413 3712 3094 3794 excommunicatus
3140 3727 3488 3817 appareat
3531 3739 3768 3817 usque

938 3839 1176 3915 donec
1214 3866 1292 3916 se
1332 3837 1672 3947 corrigat.
1713 3839 1931 3915 Facta
1964 3855 2159 3916 carta
2195 3840 2334 3916 ista
2386 3840 2525 3917 sub
2566 3840 2689 3917 die
2730 3840 3047 3930 sabbati,
3099 3869 3351 3918 mense
3391 3840 3766 3930 octobrio,

936 3967 1232 4046 Christo
1265 3985 1619 4075 regnante
1637 4027 1655 4056 ,
1691 3996 1945 4076 regem
1977 3986 2320 4075 sperante
2335 3976 2386 4058 ³,
2423 3970 2502 4046 in
2527 3969 2805 4049 Christi
2839 3972 3172 4059 nomine,
3203 3969 3578 4048 Ebroinus
3607 3968 3768 4046 fieri

925 4099 1150 4205 jussit
1194 4098 1308 4175 vel
1361 4098 1656 4175 firmare
1700 4098 2003 4206 rogavit.
2050 4098 2331 4176 Eadem
2378 4126 2551 4177 vero
2597 4097 2915 4189 ratione,
2969 4101 3029 4177 si
3083 4101 3236 4177 ulla
3277 4116 3601 4207 potestas
3637 4115 3769 4176 aut

933 4228 1160 4307 abbas
1199 4228 1295 4306 de
1328 4229 1490 4334 ipso
1528 4228 1980 4320 monasterio
2017 4228 2123 4305 sic
2158 4211 2415 4306 tamen
2456 4257 2594 4336 pro
2634 4231 3066 4308 necessitate
3104 4230 3200 4308 ad
3227 4230 3466 4308 ullum
3508 4256 3768 4336 quem-

898 4386 1081 4461 :que
1122 4360 1509 4436 hominem
1551 4360 1828 4437 donare
1866 4358 2216 4450 voluerit,
2271 4361 2365 4436 de
2406 4361 2585 4467 ipsis
2625 4355 3088 4468 parentibus,
3143 4379 3231 4438 ut
3264 4360 3583 4439 heredes
3630 4359 3767 4438 fie-
3893 4409 3928 4426 --

932 4504 1131 4574 rent,
1162 4487 1238 4563 in
1279 4516 1541 4565 eorum
1581 4505 2023 4594 potestatem
2060 4490 2457 4567 restituant
2481 4519 2618 4596 per
2645 4491 2891 4596 ipsum
2922 4491 3299 4568 servitium
3332 4491 3543 4597 quod
3575 4490 3767 4566 inter

1020 4804 1031 4830 ¹
1083 4801 1347 4862 Ebmnias
1377 4801 1443 4863 B.
1477 4802 1559 4863 ibi
1582 4814 1642 4864 et
1662 4803 1832 4865 insta.
1984 4857 2001 4872 ,
2509 4805 2527 4833 ³
2576 4805 2661 4866 De
2714 4807 2820 4865 ista
2867 4817 3002 4865 nota
3050 4804 3325 4865 chronica
3377 4804 3508 4864 vide
3562 4824 3763 4886 supra,

1014 4904 1033 4933 '
1080 4902 1385 4964 Almaricus
1406 4905 1470 4965 B.
2426 4907 2589 4967 Notos
2623 4919 2675 4966 et
2702 4907 3195 4974 dclaimissements,
3224 4927 3387 4967 num.
3420 4926 3551 4967 vm.
