4442 5769
935 551 1030 619 30
1941 539 2748 616 CHARTULARIUM

933 713 1444 790 constituimus
1484 739 1568 788 ex
1609 710 2020 816 semetipsis
2040 771 2058 801 ‚
2101 709 2515 788 secundm
2550 708 2880 817 regulam
2922 709 2998 788 S.
3028 709 3442 800 Benedicti,
3486 710 3757 819 eligere

931 843 1318 949 proprium
1357 841 1700 918 abbatem
1741 839 2019 947 absque
2058 839 2292 918 ullius
2330 838 2909 917 contradictione
2949 838 3066 916 vei
3098 839 3628 947 prohibitione.
3669 842 3764 919 Ut

935 999 1108 1049 vero
1136 972 1551 1050 testamenti
1588 973 1818 1048 nostri
1859 970 2249 1049 auctoritas
2284 999 2420 1076 per
2455 968 2927 1047 succedentia
2962 986 3295 1076 tempora
3342 970 3761 1076 pleniorem

935 1120 1155 1208 atque
1195 1102 1273 1177 in
1312 1102 1450 1180 Dei
1490 1102 1795 1179 nomine
1841 1101 2171 1179 obtineat
2214 1100 2577 1208 vigorem,
2624 1117 2697 1178 et
2743 1130 2786 1176 a
2830 1098 3181 1178 fidelibus
3217 1102 3484 1178 nostris
3522 1100 3762 1178 verius

939 1230 1376 1336 firmiusque
1416 1231 1774 1322 credatur,
1818 1259 2044 1307 manu
2078 1248 2327 1313 nostra
2355 1229 2654 1337 propria
2691 1227 3400 1307 subterfirmavimus
3414 1290 3432 1319 ‚
3476 1231 3766 1307 annuli-

941 1390 1089 1466 que
1131 1361 1361 1438 nostri
1416 1359 1902 1466 impressione
1943 1359 2291 1467 assignari
2330 1359 2771 1467 rogavimus,
2827 1358 2907 1437 Si
2956 1376 3201 1436 autem
3248 1358 3597 1436 adversus
3636 1387 3763 1436 eos

943 1519 1175 1568 causae
1216 1507 1390 1567 ortae
1428 1489 1733 1579 fuerint,
1777 1518 1941 1595 quae
1978 1488 2300 1567 habeant
2342 1488 2576 1596 gravis
2615 1487 2986 1594 dispendii
3032 1516 3410 1595 expensas,
3452 1489 3547 1565 ad
3597 1516 3765 1567 nos-

943 1640 1130 1697 tram
1169 1637 1635 1697 reserventur
1670 1619 2163 1724 praesentiam.

1057 1749 1371 1885 Sissnum
1412 1748 1701 1827 Odonis
1721 1748 2232 1856 gloriosissimi
2260 1748 2481 1854 regis.

1059 1880 1322 1957 Actum
1363 1879 1437 1956 S.
1477 1878 1856 1957 Maximini
1895 1877 2348 1965 monasterio
2388 1877 2653 1957 subtus
2677 1875 3093 1955 Aurelianis
3123 1877 3428 1954 civitate.

1055 2009 1446 2085 Troannus
1472 2007 1806 2086 notarius
1844 2005 1937 2083 ad
1974 2008 2206 2087 vicem
2231 2005 2448 2084 Eboli
2488 2006 2933 2113 recognovit.

1103 2137 1380 2215 Datum
1432 2165 1689 2213 mense
1733 2137 1988 2243 junio,
2052 2164 2246 2213 anno
2289 2134 2782 2214 ncamationis
2825 2134 3131 2212 Domini
3189 2143 3762 2223 ncccnmvuffl,

947 2266 1350 2344 indictione
1391 2292 1461 2343 v1
1503 2265 1660 2372 [leq.
1705 2264 1875 2372 v11],
1911 2293 2099 2343 anno
2135 2292 2188 2341 11
2223 2264 2512 2344 Odonis
2544 2264 2764 2372 regis.
2800 2266 2883 2341 ln
2914 2264 3053 2343 Dei
3095 2265 3397 2342 nominc
3435 2262 3766 2343 feliciter.

947 2396 1205 2473 Amen.
2607 2389 2616 2395 ’

2250 3085 2388 3158 XII
2401 3085 2431 3157 1
2444 3077 2465 3117 ¹
2475 3137 2495 3157 .

1592 3310 1830 3371 Donum
1858 3308 2119 3371 Anselmi
2145 3308 2403 3393 episc‘opi
2429 3307 2507 3370 de
2532 3308 2771 3371 ecclesia
2800 3309 2876 3371 de
2902 3310 3126 3370 Favars.

538 3556 568 3608 4
593 3569 705 3603 ⁰⁰¹¹·
734 3553 860 3622 ⁸97·
1074 3562 1290 3639 Sacra
1338 3587 1700 3639 canonum
1736 3559 1954 3666 jubet
1999 3559 2392 3638 auctoritas
2439 3576 2515 3636 et
2559 3561 3064 3637 Romanorum
3106 3560 3501 3666 praesulum
3555 3560 3782 3637 sanxit

479 3752 586 3808 1³4>-
609 3751 775 3795 ,3,86,
795 3767 923 3808 μη,
961 3709 1304 3796 potestas,
1336 3708 1423 3766 ut
1451 3689 1701 3767 omnia
1735 3689 2029 3797 negotia
2059 3689 2534 3767 ecclesiarum
2575 3691 2651 3766 in
2678 3690 3191 3797 episcoporum
3218 3708 3580 3797 potestate
3606 3718 3782 3767 con-

592 3825 638 3868 c·
660 3841 702 3882 Ρ·
725 3827 798 3868 ³³·
965 3822 1240 3909 sistant,
1265 3838 1341 3898 et
1369 3820 1574 3926 quod
1607 3819 1954 3897 canonice
1977 3820 2475 3897 ordinaverint
2501 3820 2732 3896 autin
2761 3818 3086 3897 ecclesiis
3114 3820 3627 3898 consecrandis
3655 3836 3785 3896 aut

1052 4021 1071 4050 ⁷
1115 4023 1186 4083 D.
1217 4023 1407 4104 Bouq.
1449 4019 1778 4082 emendavit
1817 4032 1873 4082 et
1910 4041 2134 4081 annum
2160 4020 2299 4083 Chr.
2452 4032 2576 4093 test,
2599 4023 2795 4104 itaque
2811 4042 2998 4082 annus
3022 4022 3305 4083 Incarnat.
3324 4022 3446 4105 889
3470 4017 3783 4083 servandus

966 4143 1330 4185 ccccxxcvm
1356 4123 1598 4193 notavit,
1625 4123 1881 4206 quicum
1905 4122 2221 4185 indictione
2240 4143 2299 4186 vi
2450 4134 2508 4184 et
2534 4122 2771 4185 indictio
2798 4143 2884 4185 vn
2914 4145 3021 4206 pro
3059 4143 3119 4184 v1
3160 4123 3407 4206 legenda
3431 4121 3667 4182 videtur.
3700 4155 3783 4167 -—

964 4226 1275 4287 concordat
1290 4250 1302 4284 :
1317 4224 1418 4286 sed
1435 4226 1543 4285 ista
1557 4235 1692 4286 nota
1710 4221 2128 4286 chronicacum
2147 4246 2303 4285 anno
2450 4225 2519 4286 In
2534 4246 2669 4286 mss.
2688 4226 2910 4287 cunctis
2932 4226 3524 4308 ncccnxxxlxlcgitur.

967 4328 1223 4389 secundo
1263 4327 1428 4410 regni
1459 4327 1683 4389 Odonis
1722 4327 2015 4388 conciliari
2053 4348 2176 4389 non
2203 4347 2304 4410 po-

1055 4576 1069 4605 ¹
1115 4578 1198 4637 Ex
1215 4598 1352 4637 mss.
1377 4577 1443 4637 B.
1465 4576 1531 4637 C.
1550 4575 1663 4638 SG.
1687 4588 1746 4637 et
1763 4577 2042 4661 excerptis
2071 4574 2305 4638 Chesnii
2453 4599 2509 4661 p.
2536 4581 2687 4648 lico,
2710 4591 2767 4640 et
2795 4599 2829 4638 a
2853 4580 3070 4640 Bonav.
3096 4578 3155 4640 S‘
3183 4577 3426 4640 Amable
3459 4577 3616 4662 apud
3636 4576 3787 4637 Hae.

967 4678 1076 4737 loe.
1109 4679 1202 4737 cit.
1233 4677 1332 4737 fol.
1359 4677 1461 4757 87.
1486 4678 1712 4739 Publici
1731 4679 1884 4763 juris
1912 4678 2056 4738 facta
2086 4690 2171 4738 est
2197 4678 2306 4739 ista
2450 4678 2510 4742 S.
2550 4679 2827 4743 Martialis
2853 4680 3133 4762 apostatat.
3178 4691 3217 4741 t.
3249 4679 3355 4750 111,
3388 4700 3444 4763 p.
3476 4679 3598 4741 335
3617 4724 3632 4748 ,
3672 4677 3794 4760 gal·

970 4778 1164 4839 charta
1195 4799 1229 4837 a
1263 4776 1506 4838 Justeflo
1535 4779 1598 4840 in
1625 4779 1773 4841 Hinc.
1803 4780 2010 4864 yemal.
2070 4778 2301 4840 Tama.
2449 4779 2559 4841 lice
2581 4802 2649 4842 ex
2670 4780 2896 4843 Justelli
2924 4779 3200 4844 editione.

969 4901 1055 4964 pr.
1085 4902 1142 4963 p.
1181 4879 1278 4949 13,
1315 4881 1374 4940 in
1405 4878 1697 4941 Theodori
1727 4880 2114 4950 Posuit-miazi,
2146 4892 2187 4940 t.
2217 4880 2299 4950 11,
