4442 5769
900 478 1035 545 192
1901 476 2703 550 CHARTULARIUM

890 644 1266 750 quondam
1285 643 1630 721 Ausberti
1649 661 1722 720 et
1740 670 1925 719 uxor
1941 671 2108 719 mea
2127 643 2588 750 lldegardis²‚
2615 662 2897 723 constat
2906 646 3225 725 vendere
3248 650 3532 725 vineam
3552 676 3715 726 nos-

889 792 1078 850 tram
1101 774 1395 851 cuidam
1416 774 1783 851 monacho
1806 773 2109 850 nomine
2130 773 2509 851 Bernardo
2524 835 2540 863 ,
2565 776 2697 881 qui
2717 776 2940 852 etiam
2972 776 3129 881 ipse
3159 777 3352 854 hanc
3382 778 3458 854 in
3489 806 3715 884 opere

893 924 965 981 et
984 907 1276 982 servitio
1297 907 1378 983 B.
1416 904 1665 981 Mariae
1696 928 1990 1010 semper
2007 904 2311 1010 virginis
2343 905 2652 1011 ejusque
2679 903 2835 982 filio
2862 906 2902 981 J
2907 935 3036 984 esu
3058 906 3354 986 Christo
3373 902 3530 1015 regi
3560 936 3717 986 om-

892 1036 1102 1110 nium
1139 1034 1572 1111 saeculorum
1591 1095 1607 1121 ‚
1652 1032 1924 1111 coelesti
1961 1034 2336 1111 desiderio
2377 1063 2754 1122 accensus,
2786 1037 2988 1113 bono
3019 1038 3269 1115 animo
3309 1041 3713 1144 comparari

893 1164 1267 1241 desiderat
1302 1164 1398 1240 ad
1427 1164 1676 1242 locum
1705 1164 1839 1270 qui
1865 1182 2167 1241 vocatur
2203 1165 2321 1242 Ad
2357 1163 2483 1241 illa
2514 1167 2852 1244 Dometa.
2896 1168 3022 1243 Est
3046 1168 3305 1274 itaque
3338 1168 3479 1245 ista
3506 1170 3717 1245 vinea

895 1296 968 1375 in
1006 1295 1185 1371 orbe
1223 1295 1703 1383 Limovicino,
1740 1294 1818 1370 in
1843 1294 2109 1372 vicaria
2137 1294 2548 1373 Asnacense
2574 1296 2709 1373 sita
2726 1357 2744 1384 ,
2779 1297 2856 1372 in
2884 1296 3052 1375 loco
3076 1301 3206 1404 qui
3245 1297 3515 1376 dicitur
3543 1300 3719 1377 Cas-

896 1428 1152 1502 sanias.
1208 1425 1447 1500 Habet
1491 1443 1742 1501 autem
1795 1425 1933 1501 hos
1973 1425 2161 1502 fines
2197 1456 2215 1500 ε
2260 1425 2860 1534 circumcingitur
2903 1425 2999 1502 de
3046 1427 3336 1504 duabus
3381 1430 3716 1534 partibus

897 1559 1005 1631 via
1054 1554 1379 1660 publica,
1427 1554 1519 1630 de
1567 1555 1787 1632 tertio
1836 1554 2060 1631 latere
2110 1571 2305 1631 terra
2356 1555 2437 1632 S.
2481 1557 2673 1632 Petri
2724 1557 2851 1661 qui
2902 1574 3014 1633 est
3049 1556 3256 1635 sevus
3294 1557 3712 1643 Guillelmi‚

898 1687 991 1762 de
1031 1703 1293 1792 quarto
1334 1685 1560 1761 latere
1597 1703 1791 1761 terra
1832 1712 1994 1790 quae
2045 1683 2185 1761 fuit
2220 1684 2598 1790 quondam
2638 1687 2898 1763 Baseni
2947 1714 3169 1791 quam
3211 1688 3367 1792 ipse
3411 1691 3717 1765 Bernar-

898 1818 1037 1892 dus
1075 1815 1544 1922 comparavit.
1579 1815 1790 1891 Unde
1826 1815 2245 1921 accepimus
2284 1813 2375 1889 ab
2415 1815 2576 1917 ipso
2617 1842 2771 1891 non
2808 1843 3114 1919 parvum
3152 1818 3478 1923 pretium
3521 1848 3537 1891 :
3577 1817 3719 1896 hoc

899 1966 1010 2025 est
1048 1948 1324 2024 solidos
1361 1975 1528 2025 x1.11.
1568 1946 1672 2021 Ea
1711 1944 1988 2023 scilicet
2025 1944 2309 2022 ratione
2354 1945 2723 2052 praefatam
2758 1946 3045 2022 vineam
3088 1947 3585 2025 continentem
3628 1948 3721 2025 ad

899 2102 1122 2182 opera
1146 2079 1552 2154 denariatas
1571 2094 1916 2182 quatuor,
1931 2074 2329 2151 ¹vendimus
2352 2075 2737 2153 Bernardo
2763 2075 3183 2183 supradicto
3211 2135 3229 2164 ,
3259 2095 3331 2153 et
3352 2078 3444 2154 de
3465 2096 3720 2155 nostro

887 2211 1054 2314 jure
1090 2212 1167 2285 in
1206 2207 1402 2287 illius
1429 2206 1793 2283 tradimus
1833 2205 2450 2291 dominationem,
2484 2223 2569 2282 ut
2598 2206 2690 2281 ab
2719 2206 3085 2283 hodierno
3117 2206 3240 2283 die
3270 2224 3345 2283 et
3374 2207 3719 2313 deinceps

900 2340 1135 2443 ipsam
1189 2340 1476 2413 vineam
1529 2355 1604 2412 et
1648 2353 2333 2441 quantumcumque
2374 2362 2511 2442 ego
2551 2334 2916 2413 Geraldus
2951 2337 3147 2413 visus
3184 2336 3297 2413 fui.
3331 2336 3604 2413 habere
3644 2340 3722 2413 in

900 2468 1277 2545 Cassanias
1324 2495 1458 2572 per
1514 2466 1834 2554 alodem,
1888 2482 2132 2541 totum
2188 2464 2345 2570 ipse
2404 2466 2823 2543 Bernardus
2878 2483 3157 2554 teneat,
3215 2466 3591 2572 possideat
3650 2486 3723 2543 et

901 2597 1113 2672 faciat
1129 2598 1299 2701 jure
1334 2596 1784 2672 hereditario
1811 2593 2169 2701 quicquid
2191 2593 2433 2671 facere
2464 2594 2777 2672 voluerit
2804 2596 2880 2671 in
2912 2596 3289 2682 omnibus,
3316 2595 3521 2674 nullo
3553 2624 3724 2673 con-

900 2727 1331 2804 tradicente.
1386 2728 1464 2805 Si
1511 2728 1764 2816 etiam,
1822 2727 2028 2832 quod
2071 2724 2294 2814 absit,
2347 2753 2487 2803 nos
2532 2725 2671 2832 ipsi
2716 2725 2830 2801 vel
2870 2725 3068 2803 ullus
3119 2727 3368 2815 heres,
3422 2725 3561 2803 filii
3600 2746 3725 2802 aut

901 2858 1103 2946 filiae,
1142 2859 1575 2966 propinqui,
1617 2887 1907 2936 necnon
1956 2873 2029 2934 et
2064 2873 2436 2962 parenteS,
2480 2874 2607 2933 aut
2641 2855 2843 2935 ullus
2881 2856 3400 2935 fraudulentus
3447 2857 3726 2933 machi-

901 3013 1137 3079 nator,
1164 2991 1470 3099 ullaque
1494 2990 1820 3067 immissa
1847 3016 2196 3094 persona,
2234 3004 2487 3065 contra
2516 2987 2708 3065 hanc
2735 2987 3238 3066 venditionem
3271 2986 3498 3064 ullam
3533 2986 3727 3063 frau-

905 3124 1078 3200 dem
1116 3122 1427 3200 ullamve
1471 3120 1912 3198 calumniam
1942 3146 2293 3226 generare
2323 3116 2670 3206 voluerit,
2706 3116 2859 3193 doli
2891 3119 3051 3224 ejus
3082 3135 3154 3195 et
3186 3117 3473 3194 fraudes
3502 3116 3726 3192 irritae

902 3254 1121 3341 fiant,
1182 3255 1474 3359 ipsique
1532 3249 2102 3327 calumniatores
2151 3250 2335 3323 iram
2383 3248 2521 3324 Dei
2589 3247 3114 3351 omnipotentis
3182 3262 3257 3322 et
3309 3263 3725 3324 sanctorum

905 3386 1315 3469 incurrant,
1355 3399 1577 3486 atque
1617 3409 1658 3455 a
1695 3378 1849 3455 filio
1887 3380 1968 3455 B.
2011 3406 2305 3484 semper
2333 3378 2632 3487 virginis
2668 3378 2949 3465 Mariae,
2994 3378 3321 3456 Domino
3359 3377 3519 3453 Deo
3558 3404 3730 3453 nos·

904 3531 1021 3589 tro
1070 3514 1244 3588 Jesu
1305 3511 1600 3590 Christo
1651 3507 2022 3585 maledicti
2041 3569 2057 3596 ,
2121 3536 2292 3584 cum
2329 3507 2520 3584 Juda
2566 3506 2921 3584 traditore
2972 3507 3455 3584 hereditatem
3495 3509 3728 3610 possi-

909 3643 1131 3719 deant
1170 3644 1246 3717 in
1280 3639 1733 3748 profundum
1773 3639 2080 3725 baratri,
2133 3639 2264 3716 ubi
2309 3639 2728 3715 crucientur
2767 3639 2843 3715 in
2882 3655 3231 3714 aeternum
3275 3655 3350 3736 et
3389 3639 3465 3712 in
3503 3665 3729 3713 saecu-

907 3774 1064 3852 lum
1089 3771 1364 3862 saeculi;
1400 3787 1475 3848 et
1505 3798 1728 3876 super
1758 3771 1913 3846 haec
1942 3769 2190 3846 omnia
2208 3829 2226 3857 ‚
2259 3769 2388 3874 qui
2416 3768 2627 3844 litem
2658 3768 2992 3844 intulerit
3018 3785 3413 3872 componat
3441 3784 3732 3842 coactus

910 3906 1069 3980 auri
1135 3901 1645 4009 pretiosissimi
1710 3898 1930 3977 libras
1993 3899 2323 4014 quinque
2383 3898 2661 4006 argenti
2718 3897 3051 4003 pondera
3112 3898 3405 3986 decem3
3469 3915 3543 3973 et
3599 3898 3734 3972 ista

910 4033 1235 4112 venditio
1274 4031 1484 4108 firma
1535 4047 1609 4107 et
1656 4030 1936 4107 stabilis
1988 4046 2419 4136 permaneat
2462 4029 2540 4104 in
2592 4028 2853 4106 saecula
2917 4028 3373 4105 saeculorum.
3422 4027 3734 4102 -Factam

909 4165 1100 4242 hanc
1127 4163 1630 4241 venditionem
1661 4162 1739 4236 in
1768 4188 2018 4238 mense
2050 4159 2458 4250 februario,
2485 4175 2831 4265 regnante
2862 4157 3215 4235 Rotberto
3246 4184 3445 4265 rege.
3480 4156 3555 4233 S.
3591 4154 3737 4233 Ge-

913 4294 1098 4369 raldi
1131 4312 1204 4369 et
1233 4292 1440 4370 uxori
1472 4320 1619 4369 suae
1648 4289 2194 4397 Ildegarde‘qui
2227 4286 2735 4365 venditionem
2772 4288 2982 4363 istam
3014 4285 3173 4363 fieri
3206 4303 3425 4391 atque
3460 4282 3734 4359 firmari

914 4440 1375 4531 rogaverunt.
1406 4423 1479 4500 S.
1514 4420 1892 4499 Bernardi.
1931 4420 2006 4497 S.
2037 4419 2299 4524 Ugoni.
2346 4417 2420 4495 S.
2466 4416 2684 4494 Petri.
2730 4416 2804 4493 S.
2850 4417 3031 4492 item
3072 4414 3451 4493 Bernardi.
3489 4413 3566 4490 S.
3604 4413 3738 4501 ite-

911 4582 1228 4659 rumque
1267 4552 1641 4630 Bernardi.

999 4843 1020 4871 ²
1064 4841 1345 4923 Ildeberya
1373 4840 1612 4900 inferius
1636 4839 1944 4923 Ildeqarda.
1970 4838 2079 4899 SG.
