4442 5769
1375 635 2004 709 MoNAsTEnn
2069 635 2189 706 DE
2254 631 2883 706 BELLoLoco.
3418 633 3555 703 199
3604 613 3618 627 ‘

724 805 1195 909 aliorumque
1236 819 1692 892 sanctorum,
1740 802 1873 880 ubi
1914 804 2021 879 vir
2061 799 2498 880 venerabilis
2535 800 2913 876 Johannes
2981 798 3206 896 abbas
3244 827 3556 905 praeesse

724 937 1014 1012 videtur
1054 967 1071 1012 ε
1109 932 1254 1012 hoc
1293 951 1407 1011 est
1442 931 1689 1010 villam
1733 951 2061 1009 nostram
2113 931 2757 1018 indominicatam,
2802 957 3141 1005 mansum
3183 928 3314 1004 ubi
3380 931 3559 1005 Fro-

725 1066 948 1142 dinus
970 1066 1168 1143 visus
1209 1081 1319 1141 est
1346 1091 1643 1141 manere
1661 1123 1678 1152 ,
1726 1081 1801 1140 et
1829 1063 2057 1140 alium
2101 1090 2446 1139 mansum
2473 1061 2604 1138 ubi
2635 1058 3130 1137 Ansberaldus
3159 1078 3436 1145 manet,
3484 1080 3559 1136 et

724 1196 950 1273 alium
994 1223 1337 1272 mansum
1387 1195 1516 1272 ubi
1571 1193 2013 1300 A'gelbertus
2067 1211 2356 1281 manet,
2412 1210 2488 1268 et
2536 1192 2767 1268 alium
2825 1217 3182 1266 mansum
3215 1187 3348 1266 ubi
3399 1191 3558 1296 Ugo

726 1343 1007 1413 manet,
1050 1341 1125 1402 et
1171 1325 1398 1402 alium
1439 1351 1777 1412 mansum
1816 1324 1951 1401 ubi
1991 1323 2454 1429 Ingelsredus
2494 1337 2776 1413 manet,
2824 1339 2898 1396 et
2936 1319 3165 1400 alium
3219 1347 3561 1396 mansum

724 1454 854 1532 ubi
904 1455 1433 1560 Ermemberga
1485 1472 1764 1543 manet,
1824 1472 1898 1532 et
1947 1455 2177 1532 alium
2218 1479 2558 1530 mansum
2612 1453 2740 1528 ubi
2804 1451 3215 1528 Sicmarus³
3265 1468 3558 1538 manet,

726 1602 1414 1691 quantumcumque
1466 1566 1603 1662 nos
1654 1585 1732 1660 in
1784 1586 1942 1690 ipsa
1990 1583 2159 1660 villa
2200 1584 2330 1660 visi
2374 1611 2634 1660 sumus
2676 1579 2948 1658 habere
3002 1599 3075 1658 et
3143 1582 3557 1685 possidere,

727 1734 803 1792 et
851 1719 1049 1822 justa
1097 1733 1347 1794 nostra
1386 1717 1712 1792 cernitur
1763 1744 1922 1793 esse
1964 1717 2366 1822 possessiO,
2417 1731 2674 1790 totum.
2703 1729 2777 1788 et
2815 1713 2909 1790 ad
2950 1713 3321 1817 integrum
3363 1712 3562 1786 cedi-

732 1873 896 1921 mus
924 1848 1000 1923 S.
1035 1849 1276 1925 Petro.
1314 1848 1407 1923 Et
1444 1864 1555 1923 est
1585 1850 1740 1952 ipsa
1783 1845 1946 1923 villa
1988 1847 2065 1921 in
2097 1873 2287 1952 pago
2315 1844 2802 1932 Limovicino,
2846 1843 2925 1918 in
2963 1842 3225 1918 vicaria
3261 1842 3563 1947 Spania-

730 2004 974 2064 cense,
1017 1977 1094 2051 in
1133 1977 1305 2053 villa
1350 2005 1512 2081 quae
1555 1976 1827 2052 dicitur
1866 1975 2325 2053 PrenciacuS.
2376 1976 2470 2050 Et
2504 1975 2579 2049 in
2621 1972 2760 2048 alia
2804 1973 3062 2048 vicaria
3105 1972 3554 2059 Asnacense,

728 2105 801 2178 in
834 2105 997 2180 villa
1021 2133 1185 2210 quae
1210 2122 1514 2183 vocatur
1536 2103 1862 2194 Fabrica,
1892 2104 2229 2180 cedimus
2247 2103 2459 2181 vobis
2484 2103 2774 2179 vineam
2798 2118 3125 2178 nostram
3152 2127 3316 2205 quae
3340 2101 3563 2178 habet

728 2233 945 2320 fines,
981 2234 1073 2310 de
1107 2233 1413 2310 duobus
1429 2234 1787 2310 lateribus
1818 2236 2109 2311 vineam
2140 2233 2257 2310 vel
2284 2252 2555 2309 terram
2585 2232 2675 2309 ad
2716 2233 2916 2337 ipsos
2943 2229 3292 2319 heredes,
3328 2230 3423 2306 de
3455 2247 3564 2308 111⁰

726 2360 952 2438 latere
978 2365 1168 2438 viam
1194 2362 1600 2468 publicam,
1633 2362 1726 2439 de
1761 2378 1897 2442 ιιιιο
1924 2390 2098 2439 vero
2130 2363 2361 2439 latere
2391 2363 2632 2439 rivum
2667 2378 3122 2461 currentemz,
3158 2388 3244 2436 ea
3277 2364 3559 2454 ratione

728 2509 831 2579 ut,
855 2493 1191 2598 quandiu
1213 2522 1398 2569 uxor
1429 2521 1595 2570 mea
1616 2494 1998 2571 Helisabet
2020 2495 2374 2570 advixerit
2389 2554 2407 2582 ,
2433 2494 2625 2599 ipsas
2648 2521 2766 2570 res
2785 2492 3127 2599 superius
3147 2493 3562 2570 nominatas

727 2622 1274 2700 usufructuario
1320 2631 1608 2711 teneat,
1667 2644 1742 2702 et
1789 2625 2003 2701 annis
2048 2624 2359 2730 singulis
2408 2624 2502 2701 ad
2551 2622 3023 2701 festivitatem
3066 2624 3140 2700 S.
3189 2624 3380 2700 Petri
3433 2624 3566 2700 de-

732 2753 974 2829 narios
1013 2779 1137 2830 sex
1169 2754 1248 2829 in
1282 2782 1447 2830 cera
1484 2755 1887 2860 persolvat,
1920 2771 1993 2830 et
2031 2771 2201 2859 post
2231 2782 2451 2831 suum
2493 2781 2796 2860 quoque
2840 2753 3210 2830 dicessum
3239 2771 3563 2830 rectores

730 2882 1066 2988 ejusdem
1097 2882 1242 2960 loci
1273 2886 1351 2960 in
1381 2913 1589 2963 suam
1616 2902 1967 2963 revocent
1992 2901 2466 2990 potestatem.
2499 2886 2592 2960 Et
2621 2884 2693 2960 in
2737 2884 3094 2965 comitatu
3122 2881 3520 2961 caturcino
3540 2944 3557 2972 ,

732 3013 806 3088 in
836 3014 1096 3090 vicaria
1124 3015 1613 3107 Casliacense,
1648 3021 1727 3093 in
1753 3033 1960 3093 curte
1991 3014 2539 3122 Stranquillio‘,
2569 3016 2908 3092 cedimus
2937 3015 3032 3091 ad
3057 3016 3560 3120 supradictum

733 3142 977 3219 locum
998 3203 1014 3230 ,
1059 3173 1194 3249 pro
1223 3143 1383 3222 filio
1418 3164 1672 3223 nostro
1705 3146 2005 3222 nomine
2036 3144 2426 3222 Guernoni
2440 3151 2486 3233 ⁵,
2528 3172 2873 3220 mansum
2902 3144 3036 3221 ubi
3063 3143 3563 3221 Teotbaldus⁶

732 3290 1012 3359 manet,
1062 3302 1233 3351 cum
1282 3275 1442 3380 ipso
1484 3273 1778 3352 castello
1821 3291 1895 3350 et
1938 3303 2106 3350 cum
2141 3276 2299 3380 ipsa
2332 3273 2669 3378 plantada
2712 3301 2942 3381 prope
2983 3271 3401 3350 adhaerente
3426 3337 3445 3363 ,
3491 3292 3566 3357 et

731 3433 901 3480 cum
957 3406 1109 3509 ipsa
1159 3385 1599 3482 condamina
1648 3433 1871 3510 quam
1915 3405 2008 3481 de
2062 3405 2469 3484 Odolrico⁷
2509 3405 3168 3512 conquistavimus,
3213 3422 3288 3481 et
3336 3405 3564 3483 alium

730 3562 1069 3610 mansum
1110 3533 1240 3611 uhi
1271 3534 1640 3612 Galtarius
1673 3553 1950 3624 manet,
1986 3554 2060 3613 et
2091 3535 2324 3612 alium
2363 3564 2704 3613 mansum
2740 3537 2872 3612 ubi
2907 3534 3560 3625 Andreumnet,

731 3679 806 3738 et
843 3662 1070 3739 alium
1101 3692 1445 3742 mansum
1480 3664 1612 3742 ubi
1650 3664 2108 3743 Galdoinus⁸
2140 3684 2394 3743 manet
2429 3683 2505 3745 et
2533 3667 2779 3771 ipsum
2810 3683 3108 3773 pratum
3132 3666 3403 3744 subtus
3433 3667 3564 3745 iilo

732 3791 1060 3883 castello,
1106 3810 1182 3871 et
1218 3814 1912 3902 quantumcumque
1943 3798 2040 3873 ad
2081 3798 2281 3902 ipsos
2322 3814 2642 3903 quatuor
2668 3825 2963 3876 mansos
2995 3797 3254 3902 aspicit
3292 3815 3420 3874 aut
3450 3827 3562 3874 as-

733 3924 975 4027 picere
1013 3924 1334 4012 videtur,
1384 3944 1625 4003 totum
1676 3944 1751 4003 et
1786 3927 1895 4019 ,ad
1934 3929 2304 4033 integrum
2338 3928 2500 4025 Deo
2546 3945 2619 4003 et
2655 3928 2729 4005 S.
2766 3929 2981 4019 Petro
3018 3927 3374 4005 cedimus.
3422 3930 3565 4005 Ista

735 4080 907 4130 vero
949 4055 1193 4157 omnia
1227 4058 1567 4163 superius
1605 4058 1981 4135 nominata
2019 4059 2180 4135 Deo
2231 4058 2563 4134 salvatori
2603 4058 2944 4135 omnium
2987 4075 3062 4135 et
3094 4058 3171 4135 S.
3205 4058 3421 4134 Petro
3451 4058 3566 4133 of-

736 4181 1076 4273 ferimus,
1124 4186 1203 4261 in
1246 4186 1640 4294 stipendiis
1703 4204 1776 4264 et
1829 4187 2091 4265 usibus
2135 4190 2672 4266 monachorum
2694 4247 2710 4278 ,
2758 4207 2846 4266 ut
2900 4205 3068 4294 post
3105 4185 3564 4265 hodiernum

737 4311 936 4389 diem
965 4332 1266 4393 teneant
1309 4336 1386 4396 et
1424 4317 1855 4424 possideant
1883 4336 1958 4395 et
1990 4318 2261 4417 faciant
2299 4319 2376 4397 in
2419 4318 2767 4397 omnibus
2799 4316 3165 4425 quicquid
3205 4316 3566 4424 elegerint

735 4443 894 4518 sine
946 4442 1174 4521 ullius
1210 4445 1540 4539 hominis
1581 4449 2207 4542 contradictione3
2253 4468 2554 4555 excepto
2597 4449 3027 4538 Prenciaco,
3067 4464 3142 4523 et
3179 4446 3308 4524 illa
3355 4447 3566 4526 vinea

735 4601 898 4679 quae
935 4591 1043 4651 est
1090 4575 1169 4652 in
1208 4578 1582 4667 FabricaS,
1625 4607 1810 4684 quas
1849 4581 2057 4659 uxori
2100 4609 2321 4671 meae,
2364 4579 2698 4686 quandiu
2740 4577 2944 4669 vivit,
2995 4606 3134 4684 ego
3175 4577 3567 4657 Galli-edus

819 4782 837 4812 ³
881 4784 1178 4849 Sicman‘as
1206 4790 1276 4850 B.
1780 4784 1793 4797 ’
2312 4793 2332 4822 ⁶
2387 4789 2685 4853 Teobaldas
2713 4788 2836 4853 SG.'

822 4885 837 4913 ³
883 4886 1223 4973 Semnquillo
1251 4892 1319 4965 B.
1552 4958 1559 4965 ‚
1896 4956 1905 4963 ,
2315 4893 2332 4921 ⁷
2381 4891 2642 4954 Odoln'no
2667 4914 2776 4976 pm
2808 4890 3067 4955 Odolrico
3093 4894 3154 4953 B.

822 4989 839 5017 ⁵
889 4991 1137 5055 Gar-none
1163 4992 1275 5057 SG.
2314 4994 2333 5025 ⁸
2381 4993 2732 5057 Galdomimu
2757 4995 2823 5057 B.
