4442 5769
559 1532 682 1583 Saec.
704 1544 755 1583 xl

465 1642 557 1679 seu
578 1625 853 1681 recentior.

530 1811 580 1852 Β.
603 1826 646 1868 p.
679 1827 774 1855 no.

507 1885 592 1929 SG.
623 1901 667 1943 p.
696 1890 794 1932 166.

535 1961 583 2003 C.
604 1976 652 2019 p.
675 1963 767 2019 ¹⁶7·

932 555 1072 629 148
1932 555 2750 631 CHARTULARIUM

2240 1043 2452 1118 XCV.

972 1259 1296 1321 Conventio
1325 1279 1503 1341 quam
1534 1257 1670 1319 fecit
1697 1257 2021 1320 Ademarus
2050 1257 2128 1319 de
2154 1257 2490 1320 Camairaco
2517 1280 2653 1320 cum
2681 1257 2984 1320 monachis
3013 1258 3074 1322 S.
3102 1248 3258 1323 Petri
3286 1258 3362 1320 de
3385 1258 3703 1322 Belloloco.

1030 1513 1515 1592 Baccalariam
1573 1541 1814 1591 meam
1867 1514 1961 1591 de
2010 1513 2435 1592 Camairaco
2494 1512 2789 1591 dimitto
2839 1512 3004 1592 Deo
3051 1529 3125 1590 et
3182 1513 3256 1592 S.
3320 1514 3538 1591 Petro
3591 1531 3760 1619 poet

918 1642 1237 1720 mortem
1286 1670 1529 1720 meam
1577 1660 1822 1721 totum
1877 1661 1953 1721 et
2003 1642 2101 1721 ad
2155 1644 2562 1750 integrum,
2605 1643 2798 1720 sicut
2850 1672 2989 1751 ego
3034 1659 3291 1733 teneo,
3338 1642 3544 1721 nullo
3585 1671 3760 1722 con-

914 1774 1357 1865 tradicente,
1410 1775 1507 1851 ita
1545 1791 1633 1852 ut
1667 1803 1936 1881 corpus
1968 1802 2226 1851 meum
2279 1774 2698 1880 sepeliatur,
2748 1774 2811 1850 si
2865 1775 3249 1881 adipsum
3290 1774 3544 1853 locum
3580 1803 3757 1883 por-

912 1922 1110 1983 tatus
1156 1904 1398 1983 fuero.
1448 1905 1528 1983 Si
1567 1933 1741 1983 vero
1791 1905 1888 1981 ad
1933 1904 2284 1983 Tutelam
2327 1903 2660 2011 sepultus
2708 1903 2956 1994 fuero,
3000 1930 3091 1984 xv
3130 1903 3409 1983 solidos
3454 1933 3592 2011 pro
3645 1907 3759 2013 ip-

910 2038 1062 2115 sius
1085 2037 1322 2114 mansi
1349 2034 1869 2142 redemptione
1913 2036 2122 2125 dent,
2165 2036 2247 2112 in
2286 2035 2410 2113 tali
2454 2035 2962 2113 convenientia
2987 2053 3075 2113 ut
3101 2035 3434 2142 quinque
3475 2036 3755 2115 solidos

908 2167 1002 2245 de
1036 2195 1172 2246 suo
1214 2167 1585 2246 dominiol
1621 2168 1831 2258 dent,
1866 2166 2051 2245 alios
2078 2196 2256 2245 vero
2288 2194 2334 2244 x
2373 2166 2735 2274 accipiant
2770 2165 2863 2242 de
2903 2166 3072 2245 illos
3100 2194 3290 2272 quos
3319 2167 3477 2273 ipse
3508 2166 3754 2246 habeo

903 2297 1000 2374 ad
1058 2298 1362 2376 fevum²
1420 2299 1513 2375 de
1562 2298 1723 2404 ipsa
1777 2315 2010 2375 curte.
2064 2298 2144 2375 Si
2192 2325 2368 2375 vero
2421 2296 2557 2374 illo
2605 2325 2800 2374 anno
2857 2297 3139 2405 recepti
3198 2295 3510 2388 fuerint,
3562 2326 3752 2376 anno

903 2428 1239 2533 sequenti
1281 2427 1675 2534 recipiant3
1709 2425 1818 2503 illi
1860 2454 2038 2503 vero
2077 2427 2209 2534 qui
2258 2428 2625 2505 honorem
2677 2455 2929 2504 meum
2971 2426 3389 2515 tenuerint,
3434 2425 3616 2505 alios
3658 2456 3750 2507 xv

905 2554 1083 2632 dent
1136 2552 1297 2663 pro'
1323 2556 1706 2663 sepultura
1745 2557 2076 2663 corporis
2125 2557 2275 2633 mei
2321 2557 2781 2666 ubicumque
2823 2557 3051 2639 fuerit
3089 2557 3504 2664 sepultum3
3561 2577 3637 2636 et
3673 2559 3748 2634 in

903 2714 1162 2764 manso
1226 2688 1355 2794 qui
1419 2704 1722 2765 vocatur
1782 2687 1900 2765 Ad
1954 2687 2375 2776 MainanoS‚
2430 2687 2729 2766 dimitto
2781 2704 3106 2796 quatuor
3153 2687 3494 2797 gallinas;
3545 2706 3619 2766 et
3673 2690 3750 2765 in

900 2845 1158 2899 manso
1208 2817 1561 2928 Ugbaldi³
1604 2818 1698 2896 de
1745 2818 2269 2926 Campainacm
2315 2847 2540 2897 unam
2596 2820 2980 2898 carteriam
3022 2850 3188 2928 quae
3241 2818 3474 2898 debet
3517 2849 3751 2898 unum

899 2952 1240 3030 modium
1284 2952 1380 3029 de
1414 2950 1670 3059 seglo;
1722 2967 1797 3026 et
1835 2950 1913 3026 in
1952 2951 2111 3058 ipsa
2148 2950 2314 3030 villa
2343 3011 2361 3041 ,
2407 2949 2623 3028 aliam
2664 2952 3048 3028 cartariam
3092 2980 3318 3058 quam
3356 2969 3561 3028 tenet
3601 2950 3750 3029 Ge·

898 3082 1153 3160 raldus
1200 3083 1299 3161 de
1340 3081 1473 3160 llla
1520 3082 1744 3170 Casa,
1791 3111 1956 3189 quae
2004 3081 2232 3161 debet
2279 3082 2512 3160 alium
2545 3081 2899 3160 ’modium
2947 3079 3041 3159 de
3089 3081 3303 3189 eigel,
3348 3097 3424 3158 et
3469 3082 3549 3157 in
3591 3083 3750 3188 ipsa

896 3213 1103 3307 villa,
1127 3215 1335 3322 juxta
1382 3240 1721 3291 mansum
1758 3191 1907 3319 'qui
1951 3230 2255 3291 vocatur
2295 3212 2413 3290 Ad
2458 3212 2580 3290 illa
2628 3212 2806 3292 Casa
2832 3273 2850 3303 ,
2896 3242 3120 3292 unam
3170 3213 3618 3291 bordariam.
3661 3214 3746 3289 ln

897 3346 1055 3451 ipsa
1111 3373 1287 3422 vero
1351 3344 1581 3421 habet
1633 3342 2095 3423 Gauzbertus
2159 3342 2253 3419 de
2312 3345 2371 3420 F
2372 3344 2624 3422 aulaeo
2690 3360 3014 3450 quatuor
3071 3344 3414 3422 denarios
3472 3343 3569 3420 ad
3636 3342 3747 3420 fe·

896 3503 1113 3578 vum3
1149 3492 1319 3581 post
1363 3490 1680 3551 mortem
1722 3475 2081 3562 meamfi.
2129 3475 2349 3552 Petro
2394 3475 2473 3551 in
2513 3473 2856 3554 dominio
2902 3491 3353 3552 remaneant.
3393 3473 3522 3552 lile
3569 3501 3745 3552 vero

899 3607 1029 3714 qui
1078 3604 1446 3683 honorem
1503 3633 1758 3681 meum
1804 3606 2132 3682 tenuerit
2180 3634 2412 3712 quem
2462 3634 2601 3713 ego
2648 3604 2891 3683 habeo
2946 3606 3042 3683 de
3091 3606 3167 3684 S.
3217 3607 3437 3682 Petro
3486 3605 3583 3682 ad
3637 3604 3744 3682 fe·-

898 3765 1103 3826 vum,
1146 3735 1365 3814 aliam
1407 3735 2022 3813 consuetudinem
2084 3762 2241 3813 non
2289 3736 2566 3826 mittat,
2614 3763 2860 3842 neque
2907 3734 3194 3842 aliquid
3241 3735 3550 3842 accipiat
3603 3735 3741 3814 nisi

898 3867 1106 3976 quod
1148 3885 1435 3945 rectum
1484 3884 1597 3944 est
1648 3867 1745 3944 ad
1789 3866 2037 3944 fevum
2086 3867 2245 3944 sine
2293 3867 2491 3945 malo
2539 3866 2866 3974 ingenio.
2924 3866 3003 3947 Si
3053 3893 3230 3944 vero
3276 3866 3567 3956 fecerit,
3625 3894 3742 3944 se-

896 4001 1144 4078 niores
1194 4000 1426 4106 ipsius
1482 3997 1626 4076 loci
1689 4025 1914 4075 omne
1974 3996 2165 4075 illud
2229 3996 2478 4077 fevum
2535 3998 2894 4106 accipiant
2952 4004 3229 4105 usque*
3288 4014 3572 4074 rectum
3637 3994 3742 4073 fa-

897 4132 1115 4209 ciant.
1176 4132 1367 4210 Sane
1389 4137 1416 4180 ⁵
1482 4146 1676 4207 carta
1732 4129 1888 4207 haec
1948 4128 2165 4206 firma
2232 4146 2306 4207 et
2367 4127 2650 4208 stabilis
2704 4147 3140 4235 permaneat
3193 4126 3401 4205 nullo
3453 4144 3742 4205 contra-

896 4263 1217 4340 dicente.

981 4482 994 4511 ¹
1041 4482 1273 4544 Domino
1295 4481 1412 4545 SG.
1574 4447 1581 4458 ⁹
2481 4481 2500 4512 ⁸
2544 4479 2661 4543 Sed
2689 4492 2750 4541 at
2770 4492 2924 4542 carta
2951 4480 3065 4542 hoec
3088 4480 3262 4562 firma
3286 4492 3339 4541 et
3370 4479 3603 4549 stabilis,
3630 4491 3737 4541 etc.

978 4584 998 4615 ⁸
1040 4584 1334 4668 Adsevam
1353 4585 1568 4648 desunt
1593 4584 1706 4650 SG.
2395 4584 2460 4646 B.
2488 4584 2550 4646 Si
2576 4584 2697 4646 haec
2719 4582 2891 4645 lectio
2916 4605 3052 4645 vera
3081 4595 3255 4653 esset,
3288 4581 3508 4668 phrasis
3537 4583 3740 4646 incon-

977 4689 996 4718 ⁸
1048 4687 1246 4751 Ubaldi
1271 4687 1384 4750 SG.
2389 4686 2538 4750 fecta
2557 4699 2618 4784 et
2645 4685 2841 4750 charta
2872 4686 3079 4749 mutila
3101 4686 3319 4749 fuisset.

974 4789 996 4821 ⁴
1040 4790 1088 4853 A
1100 4803 1222 4874 tque
1240 4804 1441 4853 metam
1457 4788 1572 4853 SG.
