4442 5769
884 593 971 665 16
1886 581 2695 657 CHARTULARIUM

875 782 1071 842 mus,
1117 750 1740 857 praedecessorum
1781 764 2210 826 nostrorum
2258 746 2636 825 bonorum
2675 773 2934 854 regum
2973 748 3275 856 vestigia
3313 766 3701 838 sectamur,

873 913 958 960 ac
990 911 1127 989 per
1158 883 1306 959 hoc
1345 880 1666 957 divinam
1699 877 2167 956 clementiam
2208 878 2649 985 propensius
2684 877 2905 954 nobis
2942 876 3196 955 adesse
3235 878 3702 960 confidimus.

868 1013 1152 1089 Idcirco
1194 1011 1537 1089 noverint
1567 1009 1955 1099 omnium,
2008 1026 2165 1087 tam
2211 1007 2689 1113 praesentium
2730 1035 2954 1114 quam
3001 1023 3078 1084 et
3127 1006 3554 1086 futurorum
3592 1038 3709 1088 se-

873 1141 1266 1251 quentium
1297 1167 1467 1227 nos,
1515 1137 1841 1228 solertia,
1882 1137 2060 1245 quia
2093 1137 2278 1215 adiit
2322 1136 2792 1214 clementiam
2831 1136 3246 1215 serenitatis
3282 1154 3544 1215 nostrae
3581 1168 3705 1216 ve-

870 1271 1229 1365 nerabilis·
1254 1271 1364 1346 vir
1401 1267 1798 1356 Rodulsus,
1832 1268 2174 1373 Biturigae
2219 1267 2424 1348 sedis
2449 1266 2786 1356 antistes,
2819 1282 2906 1344 ut
2943 1267 3468 1344 monasterium
3502 1269 3706 1376 quod

873 1403 1028 1507 ipse
1073 1401 1377 1507 proprio
1418 1416 1718 1505 sumptu
1757 1396 2168 1485 aedificavit,
2215 1415 2289 1473 et
2328 1396 2423 1474 de
2453 1397 2680 1474 rebus
2718 1396 3182 1475 hereditariis
3211 1413 3286 1474 et
3315 1426 3355 1474 a
3382 1399 3706 1506 parenti—

870 1532 1053 1609 bus2
1086 1530 1180 1609 ad
1224 1560 1302 1609 se
1347 1529 1664 1635 delapsis
1711 1528 2065 1606 nobiliter
2101 1526 2569 1634 honesteque
2606 1527 2920 1615 dotavit,
2961 1555 3099 1634 pro
3130 1528 3494 1605 mercedis
3533 1556 3706 1636 aug-

844 1681 1120 1759 ,mento
1169 1678 1247 1738 et
1292 1661 1514 1738 divini
1569 1660 1858 1738 timoris
1908 1675 1983 1735 et
2036 1659 2308 1735 amoris
2360 1659 2669 1746 intuitu,
2721 1658 2798 1735 in
2850 1676 3102 1736 nostra
3151 1657 3584 1736 defensione
3633 1676 3708 1736 et

866 1792 1091 1870 tutela
1143 1820 1276 1869 seu
1323 1789 1831 1867 mundiburdo
1876 1791 2380 1895 reciperemus
2405 1850 2422 1878 ,
2481 1788 2857 1896 simulque
2913 1788 3250 1896 ejusdem
3288 1787 3430 1865 loci
3484 1788 3706 1865 abba-

866 1939 1021 1999 tem
1058 1951 1282 2029 quem
1314 1921 1560 1998 eidem
1592 1918 1755 1997 loco
1787 1918 2145 2026 praesecit,
2186 1919 2492 1996 nomine
2524 1918 2977 2008 Gairulfum,
3020 1937 3171 1996 tam
3202 1918 3452 2031 ipsum·
3477 1945 3704 2026 quam
3743 1922 3768 1945 ⁹

870 2069 943 2128 et
969 2079 1426 2128 successores
1461 2051 1652 2158 ejus,
1688 2050 1767 2125 in
1808 2070 2061 2127 nostro
2097 2048 2613 2126 mundiburdo
2655 2050 3219 2155 susciperemus.
3259 2049 3492 2156 Cujus
3519 2047 3706 2155 peti—

868 2181 1048 2258 tioni
1082 2181 1519 2267 admodum,
1561 2180 1736 2285 quia
1760 2180 1959 2287 justa
1991 2197 2065 2255 et
2094 2195 2339 2255 sancta
2378 2196 2523 2268 est,
2561 2179 2777 2256 nobis
2821 2206 3230 2267 assensum,
3270 2195 3357 2255 ut
3378 2180 3535 2286 jam
3563 2177 3706 2254 dic-

866 2328 1023 2387 tum
1057 2326 1200 2396 est,
1231 2308 1561 2415 praebere
1601 2307 1856 2399 libuit3
1891 2324 1965 2384 et
1994 2307 2168 2385 ideo
2187 2368 2203 2395 ‚
2231 2325 2315 2383 ut
2345 2305 2728 2413 praefamm
2753 2323 2896 2395 est,
2920 2307 3097 2384 sciat
3123 2308 3364 2385 omnis
3391 2336 3705 2414 sequens

870 2446 1053 2517 nos³
1092 2439 1513 2543 posteritas,
1553 2437 1730 2542 quia
1767 2437 2092 2513 eundem
2133 2436 2386 2513 locum
2431 2454 2504 2514 et
2544 2463 3002 2514 successores
3043 2437 3377 2544 ejusdem
3415 2437 3556 2514 loci
3602 2439 3706 2516 sic

871 2568 946 2643 in
976 2585 1223 2644 nostra
1262 2567 1726 2674 protectione
1756 2565 1894 2643 sub
1929 2567 2412 2642 immunitatis
2445 2566 2669 2643 titulo
2709 2565 3181 2671 suscipimus,
3225 2566 3416 2644 sicut
3445 2596 3530 2644 ea
3556 2596 3706 2645 mo-

871 2698 1181 2774 nasteria
1219 2726 1381 2803 quae
1421 2696 1569 2773 sive
1610 2694 2183 2801 praedecessores
2232 2696 2462 2773 nostri
2505 2695 2598 2772 de
2641 2702 2818 2774 suo⁴
2857 2695 3433 2785 aedificaverunt,
3473 2698 3620 2775 sive
3665 2726 3705 2775 a

867 2827 1084 2905 bonis
1110 2827 1375 2905 nostris
1401 2823 1756 2904 aedificata
1777 2826 1917 2905 sibi
1942 2825 2438 2904 conservanda
2460 2844 2965 2933 susceperunt.
2994 2829 3462 2935 Praecipimus
3486 2828 3701 2906 etiam

868 2974 950 3032 ut
978 2956 1224 3034 nullus
1256 2975 1566 3046 exactor,
1598 2957 1713 3034 vel
1732 2955 1964 3066 judex
1984 2956 2364 3062 publicus,
2402 2986 2540 3034 nec
2564 2958 2659 3033 de
2687 2957 3029 3046 navibuS,
3060 2987 3197 3034 nec
3237 2957 3331 3035 de
3372 2959 3707 3066 saginati—

866 3086 1038 3173 bus,
1081 3087 1195 3163 vel
1225 3088 1479 3179 carris,
1521 3115 1654 3164 seu
1683 3086 2146 3193 quibuslibet
2185 3087 2720 3176 exactionibus,
2762 3088 3291 3194 undecumque
3323 3086 3544 3164 fiscus
3573 3086 3707 3164 ali-

867 3216 1053 3321 quid
1084 3216 1371 3322 exigere
1392 3223 1418 3264 ⁵
1456 3233 1733 3322 potest,
1775 3218 2172 3322 quicquam
2204 3217 2296 3293 ab
2333 3216 2439 3293 eis
2469 3218 2795 3323 accipiat.
2838 3216 3333 3296 Concedimus
3363 3216 3583 3292 etiam
3623 3235 3706 3293 ut

867 3344 940 3418 in
994 3345 1412 3423 Siuiniaco⁶
1451 3346 1613 3422 vico
1655 3344 1792 3422 sibi
1833 3345 2206 3421 licentiam
2248 3343 2565 3422 habeant
2612 3362 3013 3422 mercatum
3066 3344 3577 3433 construendi,
3632 3362 3707 3422 et

864 3471 1223 3576 quicq-uid
1272 3472 1447 3548 inde
1490 3473 1823 3581 exigetur
1863 3502 2125 3551 eorum
2169 3474 2503 3551 dominio
2545 3475 2965 3579 deputetur.
3021 3475 3348 3580 Ideoque
3387 3472 3579 3550 nulli
3618 3473 3708 3549 li-

866 3615 1027 3674 ceat
1077 3600 1320 3677 eidem
1374 3601 1542 3679 loco
1594 3603 1916 3709 aliquam
1967 3603 2239 3680 inferre
2273 3605 2674 3712 jacturam,
2731 3604 2845 3682 vel
2893 3604 2987 3681 de
3035 3604 3298 3682 iisdem
3353 3603 3576 3681 rebus
3612 3603 3705 3680 ad

867 3729 1187 3805 eundem
1225 3731 1475 3807 locum
1514 3732 2059 3837 pertinentibus
2099 3733 2383 3840 aliquid
2432 3733 2849 3811 diminuere
2896 3734 3012 3811 vel
3049 3763 3532 3841 praesumere3
3574 3733 3705 3810 sed

862 3857 1230 3936 liceatvel
1270 3860 1514 3938 eidem
1557 3863 1800 3942 abbati
1840 3863 1956 3940 vel
1995 3864 2550 3943 successoribus
2590 3865 2781 3973 ejus,
2823 3893 2960 3942 seu
2997 3865 3383 3942 monachis
3413 3880 3487 3941 et
3523 3893 3704 3970 prae-

864 3988 1199 4066 sentibus
1245 4006 1319 4066 et
1356 3989 1623 4069 futuris
1659 3995 1981 4071 eundem
2019 3996 2268 4073 locum
2308 3995 2836 4084 incolentibus,
2878 3995 3017 4073 sub
3052 3997 3302 4102 quiete
3344 4013 3419 4072 et
3457 4011 3704 4074 nostra

866 4117 1290 4196 defensione
1331 4139 1403 4197 et
1442 4120 1863 4200 futurorum
1900 4153 2194 4231 regum,
2237 4125 2561 4203 Domino
2600 4125 2903 4216 servire,
2952 4144 3024 4202 et
3063 4154 3201 4232 pro
3243 4126 3500 4202 animae
3547 4153 3704 4203 nos-

860 4262 990 4323 trae
1025 4247 1522 4340 absolutione,
1566 4280 1697 4328 seu
1736 4252 1944 4358 regni
1985 4252 2410 4344 stabilitate,
2448 4253 2563 4342 vel
2602 4271 2866 4331 sanctae
2894 4253 3234 4330 Ecclesiae
3273 4253 3704 4330 intemerata

861 4378 1176 4469 unitate,
1207 4381 1617 4459 Dominum
1658 4382 1942 4459 enixius
1984 4383 2393 4490 deprecari.
2422 4386 2583 4461 Hoc
2622 4401 2866 4461 autem
2911 4383 3186 4500 sacqm
3212 4400 3584 4472 nostrum,
3630 4399 3703 4460 et

943 4613 963 4643 ²
1007 4614 1403 4699 Appen-entibus
1431 4619 1543 4684 SG.
2440 4624 2460 4653 ⁸
2491 4623 2586 4684 Sic
2604 4623 2668 4685 C.
2692 4624 2947 4685 Sinniaco
2966 4623 3341 4686 Ch.Sinniaco
3363 4624 3429 4685 B.
3443 4624 3704 4686 Smniaco

945 4714 965 4744 ³
1007 4717 1121 4778 Nos
1150 4717 1311 4780 deest
1336 4722 1400 4781 Β.
2357 4738 2628 4811 corrupte
2660 4726 2776 4789 SG.
2808 4726 3068 4788 Sainiaco
3109 4727 3177 4788 D.
3212 4727 3402 4808 Bouq.
3436 4725 3539 4787 sed
3571 4746 3703 4786 vere

946 4816 967 4848 ⁴
1013 4820 1096 4879 De
1117 4841 1214 4882 suo
1241 4822 1455 4891 desunt
1482 4824 1588 4885 Ch.
2357 4827 2663 4900 Siainiaco,
2696 4828 2898 4911 gallice
2927 4826 3163 4896 δίοηὶαο.

946 4921 966 4951 ⁵
1010 4924 1188 4985 Exire
1214 4924 1328 4987 SG.
1361 4937 1419 4990 et
1447 4925 1555 4994 Ch,
