4442 5769
1324 644 1333 651 ·
1399 648 2032 723 MONASTERn
2103 650 2234 722 DE
2279 650 2943 726 BELLOLOGO.
3319 604 3326 613 ⁸
3462 653 3602 726 103

749 819 1124 901 Rodulfus
1144 879 1163 908 ‚
1215 817 1415 896 filius
1453 819 1842 926 quondam
1879 818 2256 926 Adalgarii
2297 835 2374 895 et
2414 819 2763 928 Ayganae,
2809 819 2946 927 [et]
2990 850 3177 899 uxor
3220 850 3389 900 mea
3426 823 3607 900 Ber-

750 952 1043 1041 tlindis,
1087 978 1227 1058 pro
1276 978 1532 1027 amore
1580 951 1724 1029 Dei
1764 950 2305 1057 omnipotentis
2345 967 2422 1027 et
2465 949 2804 1027 remedio
2859 952 3274 1030 animarum
3322 971 3610 1031 nostra·

752 1112 959 1172 rum,
1001 1100 1081 1161 et
1101 1110 1242 1189 pro
1263 1082 1660 1160 animabus
1692 1082 1926 1188 patris
1951 1082 2103 1159 mei
2146 1100 2221 1159 et
2257 1083 2515 1161 matris
2547 1108 2734 1159 meae
2773 1100 2849 1159 et
2883 1082 3199 1161 fratrum
3240 1112 3606 1175 meorum,

753 1214 1096 1292 Landrici
1144 1230 1217 1290 et
1253 1211 1627 1320 Eldegarii
1648 1275 1666 1303 ‚
1716 1213 2060 1291 cedimus
2098 1242 2218 1290 res
2260 1214 2734 1320 proprietatis
2770 1231 3071 1305 nostrae‚
3116 1244 3281 1321 quae
3320 1234 3493 1293 sunt
3531 1217 3611 1292 in

749 1374 940 1454 pago
974 1345 1416 1433 Caturcino,
1451 1345 1531 1422 in
1568 1344 1738 1424 villa
1771 1344 1934 1452 [leq.
1984 1344 2208 1452 valle]
2243 1346 2640 1435 Exidense,
2688 1362 2763 1421 et
2795 1345 2872 1421 in
2904 1346 3072 1423 villa
3110 1376 3274 1453 quae
3311 1364 3613 1424 vocatur

753 1476 1170 1564 Cuncellas,
1219 1476 1366 1553 hoc
1418 1494 1529 1555 est
1576 1505 1872 1555 mansos
1913 1495 2211 1555 nostros
2247 1510 2264 1555 z
2309 1505 2654 1555 mansum
2706 1477 2839 1553 ubi
2886 1478 3416 1584 Ragnibertus¹
3461 1506 3615 1556 ma-

752 1625 913 1696 net,
949 1612 1345 1685 mansum2
1382 1605 1516 1684 ubi
1557 1605 1934 1684 Adraldus
1969 1623 2253 1695 manet,
2298 1635 2645 1683 mansum
2675 1606 2806 1685 ubi
2837 1609 3286 1686 Bembertus
3320 1629 3610 1697 manet,

752 1767 1100 1817 mansum
1130 1738 1265 1817 uhi
1290 1737 1654 1817 Amulfus
1684 1755 1972 1828 manen
2006 1738 2205 1844 ipsos
2246 1766 2579 1825 mansos,
2625 1768 2799 1815 cum
2848 1740 3070 1816 terris
3113 1739 3335 1817 cultis
3385 1756 3460 1816 et
3499 1741 3614 1815 -in-

753 1868 1009 1957 cultiS,
1055 1869 1382 1974 quaesitis
1414 1887 1488 1945 et
1525 1866 2131 1975 adinquirendiS,
2170 1891 2346 1945 cum
2395 1860 2664 1957 vineis,
2709 1869 2969 1976 pratis,
3018 1869 3434 1976 pomiferi3‚
3488 1871 3615 1946 ad·

742 1999 1120 2106 jacentiiS,
1167 2000 1493 2105 pascuiS,
1543 2000 1799 2078 omnia
1848 1987 1924 2078 et
1961 2030 2049 2077 ex
2091 1999 2481 2089 omnibus,
2537 2018 3225 2107 quantumcumque
3277 2001 3369 2077 ad
3414 2003 3613 2108 ipsos

752 2158 1047 2208 mansos
1077 2131 1337 2237 aspicit
1361 2149 1491 2209 aut
1521 2132 1851 2237 aspicere
1880 2132 2209 2220 videtur,
2255 2148 2407 2207 tam
2447 2133 2650 2208 intus
2672 2162 2897 2239 quam
2924 2131 3106 2210 foris
3135 2131 3417 2211 villam.
3444 2134 3614 2213 Haec

753 2262 1382 2367 omniasuperius
1411 2263 1828 2352 nominata,
1852 2264 2018 2342 Deo
2044 2263 2388 2345 salvatori
2419 2264 2766 2341 omnium
2800 2280 2876 2341 et
2901 2265 2977 2342 S.
3012 2265 3232 2341 Petro
3265 2281 3340 2341 et
3365 2264 3441 2343 S.
3473 2265 3614 2341 Ur-

614 2438 623 2449 ·
752 2396 917 2473 sino
961 2411 1035 2471 et
1064 2396 1140 2473 S.
1176 2394 1541 2471 Felicitati
1584 2411 1660 2470 et
1688 2394 1853 2470 aliis
1894 2395 2161 2471 sanctis
2197 2422 2527 2501 quorum
2567 2393 2903 2501 reliquiae
2932 2394 3058 2471 hic
3097 2394 3604 2485 continentur,

754 2525 852 2603 ad
890 2525 1433 2603 monasterium
1473 2525 1683 2631 quod
1716 2542 2022 2603 vocatur
2058 2525 2557 2614 Belluslocus,
2601 2526 2735 2602 ubi
2783 2526 2895 2602 vir
2946 2527 3398 2605 venerabilis
3437 2526 3614 2607 Gai-

752 2656 993 2734 misus
1032 2657 1258 2734 abbas
1297 2685 1610 2762 praeesse
1651 2657 1971 2749 videtur,
2008 2674 2085 2734 et
2122 2657 2254 2735 ubi
2291 2674 2502 2763 pater
2539 2685 2757 2735 meus
2797 2674 2874 2735 et
2905 2675 3145 2735 mater
3183 2685 3351 2734 mea
3389 2658 3616 2736 inhu-

755 2789 931 2867 mati
944 2788 1254 2898 jacent³,
1284 2805 1360 2865 et
1390 2816 1551 2895 eg0,
1578 2790 1745 2866 Deo
1772 2789 2223 2896 propitiante
2237 2794 2288 2882 Δ,
2306 2790 2555 2898 jacere
2590 2789 2837 2896 cupio,
2859 2807 3209 2897 prompta
3232 2790 3610 2869 voluntate

754 2938 829 3000 et
864 2949 1160 2998 summa
1204 2920 1633 3009 devotione,
1678 2922 1759 2996 in
1809 2917 2200 3027 stipendiis
2244 2938 2316 2997 et
2361 2920 2627 2999 usibus
2676 2921 3257 3008 monachorum,
3304 2921 3401 2999 de
3438 2923 3610 3030 jure

753 3071 1010 3132 nostro
1067 3070 1144 3130 et
1186 3068 1554 3158 potestate
1615 3070 2045 3132 nostrorum
2100 3053 2502 3141 tradimus,
2567 3052 2666 3129 ita
2717 3069 2806 3129 ut
2867 3053 2961 3130 ab
3009 3053 3386 3133 hodierno
3446 3053 3606 3142 die,

751 3201 903 3262 tam
948 3185 1091 3291 ipsi
1144 3212 1866 3291 quam-successores
1904 3212 2168 3262 eorum
2207 3184 2475 3261 faciant
2516 3182 2819 3273 exinde,
2854 3185 3030 3291 jure
3077 3182 3605 3274 ecclesiastico,

753 3316 1117 3424 quicquid
1142 3316 1538 3423 elegerint3
1574 3345 1661 3393 ea
1691 3316 2001 3423 quidem
2041 3315 2331 3393 ratione
2358 3315 2710 3394 volumus
2743 3332 2862 3406 ut,
2892 3315 2954 3392 si
2984 3315 3155 3421 quis
3179 3332 3447 3405 rector,
3482 3334 3614 3393 aut

637 3549 649 3562 ι
752 3447 904 3524 ulla
933 3448 1134 3555 justa
1174 3465 1303 3525 aut
1340 3448 2012 3556 injustapotestas,
2056 3447 2254 3553 ipsas
2292 3476 2411 3524 res
2449 3448 2532 3524 in
2575 3447 2894 3524 aliorum
2934 3471 3147 3537 usus,
3192 3447 3335 3525 nisi
3375 3448 3454 3524 in
3485 3448 3615 3526 sti—

750 3580 1047 3685 pendiis
1072 3598 1149 3657 et
1168 3580 1430 3682 usibus
1460 3582 2007 3660 monachorum
2029 3596 2106 3658 et
2129 3579 2629 3658 luminaribus
2658 3579 3138 3658 ecclesiarum
3158 3639 3174 3667 ,
3209 3578 3613 3658 transferre

752 3711 1105 3800 voluerit,
1144 3711 1547 3819 propinqui
1585 3712 1907 3790 heredes
1940 3713 2095 3788 mei
2127 3712 2205 3788 in
2242 3740 2451 3789 suam
2495 3712 2818 3790 habeant
2858 3711 3254 3790 revocandi
3296 3727 3618 3816 potesta-

753 3858 929 3919 tem.
962 3844 1076 3922 De
1104 3843 1707 3949 repetitionibus,
1744 3841 1952 3950 quod
1985 3844 2295 3920 minime
2332 3843 2740 3937 credimus,
2775 3844 2834 3920 si
2858 3843 3192 3950 nosipsi,
3226 3843 3617 3919 immutata

754 3973 1162 4065 voluntate,
1206 3992 1337 4053 aut
1366 3975 1565 4053 ullus
1605 3975 1701 4053 de
1738 3955 2148 4055 heredibus
2196 3963 2331 4054 seu
2380 3975 2822 4083 propinquis
2879 3975 3186 4067 nostriS,
3241 4002 3376 4052 seu
3419 3972 3617 4080 qua}-

753 4104 940 4183 libet
979 4108 1320 4213 opposita
1349 4129 1710 4212 persona,
1764 4135 1930 4213 quae
1968 4123 2231 4184 *contra
2271 4107 2468 4183 hanc
2508 4106 2955 4196 cessionem,
3000 4133 3227 4212 quam
3268 4121 3617 4211 prompta

752 4236 1130 4338 voluntate
1179 4238 1342 4316 Deo
1392 4237 1728 4315 salvatori
1765 4239 2105 4317 omnium
2152 4255 2227 4316 et
2273 4239 2348 4317 S.
2392 4240 2612 4316 Petro
2658 4237 3080 4328 offerimus,
3123 4235 3449 4342 aliquam
3491 4263 3614 4312 ca-

753 4367 1122 4446 lumniam
1160 4397 1514 4476 generare
1549 4371 2130 4478 presumpserit,
2161 4370 2506 4477 inprimis
2529 4371 2718 4447 iram
2746 4369 2888 4446 Dei
2922 4366 3465 4472 omnipotentis
3494 4365 3613 4445 in-

755 4517 1021 4590 currat,
1040 4500 1315 4577 deinde
1343 4503 1666 4579 sociante
1699 4502 1906 4591 fisco,
1932 4503 2094 4580 auri
2124 4501 2352 4579 libras
2376 4520 2550 4591 tres,
2576 4501 2862 4607 argenti
2889 4480 3222 4605 pondera
3242 4498 3607 4607 quinque,

754 4649 1052 4711 coactus
1091 4631 1446 4722 exsolvat,
1493 4650 1568 4712 et
1607 4634 2042 4740 quod-petit
2085 4661 2236 4710 non
2274 4634 2632 4724 vindicet,
2676 4631 2808 4710 sed
2842 4657 3165 4737 praesens
3198 4630 3433 4709 cessio
3473 4631 3612 4710 ista

844 4843 857 4871 ¹
906 4832 1296 4930 Royambortus
1316 4844 1430 4908 SG.
2341 4845 2360 4874 ³
2405 4844 2686 4906 Inhumati
2709 4843 2872 4905 deest
2897 4844 2963 4904 B.

840 4943 860 4974 ²
906 4946 1195 5010 Mensam.
1222 4994 1235 5007 .
1268 4997 1278 5008 .
1333 4949 1425 5009 abi
1453 4949 1770 5011 Bemberlas
1800 4960 1976 5010 manet
2004 4949 2103 5010 de·
2175 4997 2185 5008 .
2342 4948 2362 4979 ⁴
2407 4949 2731 5034 Corruptus
2759 4948 2924 5010 locus
2954 4948 3068 5010 SG.

753 5061 893 5112 sunt
918 5050 1030 5113 SG.
