4442 5769
883 590 1030 659 212
1898 588 2709 663 CHARTULARIUM

884 759 1025 835 dus
1066 759 1200 838 visi
1229 777 1400 837 sunt
1429 787 1756 837 manere.
1799 760 2006 865 Ipsos
2043 786 2340 836 mansos
2368 787 2539 836 cum
2572 759 2805 837 vineis
2828 818 2845 847 ,
2888 758 3137 847 terris,
3186 759 3445 864 pratis,
3489 759 3719 850 silvis,

879 891 1091 996 aquis
1128 918 1580 998 aquarumve
1629 889 2103 979 decursibuS,
2146 907 2841 997 quantumcumque
2891 889 2989 966 ad
3034 890 3240 996 ipsos
3276 917 3575 967 mansos
3611 918 3725 967 as-

879 1022 1062 1128 picit
1111 1039 1241 1100 aut
1277 1021 1599 1129 aspicere
1649 1022 1967 1110 videtur,
2006 1037 2251 1099 totum
2292 1038 2367 1098 et
2403 1022 2499 1098 ad
2549 1021 2927 1128 integrum
2960 1020 3147 1098 cedo
3197 1019 3294 1095 ad
3337 1020 3719 1126 praefatum

876 1152 1155 1231 locum.
1193 1155 1285 1231 Et
1306 1153 1383 1230 in
1415 1152 1559 1231 alio
1599 1153 1766 1231 loco
1806 1153 1935 1259 qui
1963 1151 2236 1229 dicitur
2266 1151 2699 1245 Quincioni,
2735 1152 2924 1229 cedo
2956 1151 3244 1261 vineam
3277 1178 3523 1228 meam
3556 1179 3721 1258 quae

878 1284 1106 1362 habet
1151 1283 1370 1372 fines,
1423 1284 1518 1361 de
1573 1312 1722 1361 uno
1767 1283 1996 1362 latere
2034 1283 2329 1362 vineam
2369 1282 2705 1361 Dadonis
2723 1289 2774 1372 ⁸,
2819 1281 2914 1360 de
2963 1281 3110 1361 alio
3159 1281 3388 1359 latere
3429 1283 3720 1360 vineam

878 1413 1358 1505 Gualmandi,
1418 1415 1512 1492 de
1566 1415 1713 1493 alio
1761 1415 1992 1492 latere
2040 1431 2320 1491 terram
2369 1414 2444 1492 S.
2493 1413 2846 1521 Remigii,
2890 1430 2967 1491 et
3004 1413 3098 1491 de
3141 1413 3289 1492 alio
3341 1414 3584 1490 latere'
3615 1414 3719 1489 ri-

876 1575 1048 1624 vum
1097 1562 1549 1636 currentem3
1597 1563 1673 1622 et
1720 1546 1797 1622 in
1843 1547 2007 1652 ipso
2052 1543 2254 1635 loco,
2307 1544 2526 1622 aliam
2574 1545 2866 1623 vineam
2908 1573 3073 1651 quae
3117 1543 3345 1622 habet
3389 1543 3574 1621 fines
3622 1544 3716 1620 de

875 1705 1027 1757 uno
1069 1677 1299 1754 latere
1348 1676 1641 1755 vineam
1689 1676 1765 1753 S.
1809 1675 2039 1765 Petri,
2093 1675 2188 1754 de
2230 1675 2375 1753 alio
2426 1674 2655 1752 latere
2696 1675 2983 1752 vineam
3020 1674 3348 1752 Danielis
3371 1736 3389 1765 ,
3436 1677 3532 1752 de
3571 1675 3715 1753 alio

867 1809 1099 1887 latere
1147 1826 1425 1886 terram
1462 1808 1829 1897 Dadonis‚
1882 1806 1979 1884 (16
2029 1825 2300 1915 quarto
2357 1806 2600 1884 latere
2627 1806 2819 1883 viam
2858 1805 3257 1913 publicam.
3315 1807 3411 1884 Et
3458 1806 3535 1882 in
3577 1805 3714 1883 alia

776 1968 781 1971 ¹
867 1940 1034 2018 villa
1070 1969 1236 2047 quae
1278 1939 1548 2017 dicitur
1576 1938 1878 2017 Calesso
1900 1939 1949 2027 ⁴,
1994 1937 2182 2016 cedo
2231 1946 2575 2015 mansum
2612 1954 2870 2015 meum
2908 1936 3041 2015 ubi
3081 1937 3477 2015 Datfredus
3517 1938 3715 2014 visus

869 2090 982 2149 est
1017 2099 1353 2159 manere,
1387 2072 1636 2178 ipsum
1671 2097 2013 2147 mansum
2055 2079 2226 2146 cu'm
2270 2084 2438 2146 orto
2481 2068 2598 2146 vel
2641 2097 2814 2145 cum
2852 2069 3010 2175 ipsa
3047 2069 3258 2147 vinea
3290 2097 3454 2176 quae
3486 2067 3715 2146 habet

865 2200 1081 2293 fines,
1128 2203 1222 2280 de
1258 2202 1553 2281 duobus
1579 2199 1938 2279 lateribus
1966 2201 2258 2278 vineam
2290 2202 2363 2280 S.
2405 2201 2633 2291 Petri,
2672 2217 2746 2278 et
2779 2199 2875 2278 de
2916 2201 3135 2280 tertio
3174 2200 3400 2279 latere
3439 2218 3712 2277 terram

863 2332 1388 2412 Cuandalfredi
1407 2395 1424 2424 ,
1457 2333 1553 2411 de
1574 2350 1844 2440 quarto
1864 2333 2058 2409 viam
2082 2331 2484 2438 publicam.
2510 2334 2681 2409 Haec
2701 2332 2957 2409 omnia
2977 2332 3319 2440 superius
3334 2332 3712 2409 nominata

865 2494 1034 2541 cum
1067 2465 1269 2542 omni
1317 2463 1736 2571 integritate
1759 2521 1777 2550 ,
1822 2492 1862 2539 a
1902 2462 2025 2540 die
2054 2479 2415 2570 praesente
2446 2463 2635 2541 cedo
2671 2463 2769 2540 ad
2806 2461 3190 2568 praefatum
3237 2462 3490 2540 locum
3511 2521 3529 2551 ,
3572 2491 3711 2569 pro

861 2594 1199 2671 remedio
1242 2594 1503 2669 animae
1533 2621 1716 2670 meae
1757 2606 1835 2669 et
1869 2621 2012 2699 pro
2052 2593 2297 2671 anima
2334 2594 2630 2699 nepotis
2661 2593 2812 2670 mei
2862 2592 3252 2672 Aldebaldi
3275 2652 3291 2682 ‚
3342 2592 3419 2669 in
3449 2593 3711 2672 usibus

863 2743 937 2801 et
966 2725 1355 2832 stipendiis
1391 2723 1931 2802 monachorum
1957 2784 1974 2811 ‚
2020 2726 2209 2802 cedo
2252 2742 2327 2801 et
2357 2724 2452 2802 de
2468 2726 2639 2832 jure
2667 2753 2838 2803 meo
2878 2724 2956 2802 in
2985 2742 3302 2802 vestram
3329 2725 3544 2803 trado
3572 2725 3708 2802 do-

859 2857 1343 2937 minationem
1384 2857 1481 2936 ad
1519 2855 1958 2934 habendum
1998 2855 2112 2934 vel
2156 2856 2727 2963 possidendum.
2774 2858 3004 2946 Sane,
3047 2857 3256 2965 quod
3296 2884 3470 2935 vero
3515 2856 3712 2935 futu-

858 3019 1029 3066 rum
1070 3018 1230 3067 esse
1282 2989 1592 3066 minime
1629 2987 1892 3075 credo,
1935 2988 1998 3066 si
2049 3016 2188 3096 ego
2234 2987 2427 3093 ipse,
2471 2989 2862 3066 immutata
2905 2988 3282 3066 voluntate
3329 3015 3529 3078 mea,
3582 3006 3710 3066 aut

858 3121 1053 3200 ullus
1079 3121 1445 3199 heredum
1474 3149 1610 3228 pro
1641 3150 1726 3197 ac
1744 3120 2111 3198 heredum
2142 3137 2569 3198 nostrorum
2590 3180 2607 3208 ‚
2643 3148 2780 3196 seu
2799 3119 3157 3226 quaelibet
3181 3119 3517 3227 opposita
3540 3148 3709 3225 per-

856 3281 1067 3343 sona,
1111 3282 1276 3360 quae
1318 3269 1571 3330 contra
1605 3252 1794 3328 hanc
1831 3251 2246 3329 cessionem
2287 3250 2731 3328 calumniam
2766 3249 3091 3358 aliquam
3123 3268 3252 3328 aut
3287 3250 3707 3358 tergiversa-

854 3387 1143 3462 tionem
1195 3410 1550 3493 generare
1599 3381 2185 3488 praesumpserit,
2234 3382 2573 3488 inprimis
2621 3381 2806 3459 iram
2856 3382 2997 3460 Dei
3049 3381 3583 3490 omnipotentis
3632 3401 3706 3459 et

854 3530 1275 3590 sanctorum
1315 3513 1475 3618 ejus
1523 3513 1879 3601 incurrat,
1933 3511 2208 3590 deinde
2262 3512 2378 3588 cui
2429 3511 2638 3588 litem
2686 3512 3028 3591 intulerit
3074 3542 3223 3591 una
3275 3541 3447 3593 cum
3500 3514 3704 3591 socio

852 3642 1034 3718 fisco
1084 3642 1243 3718 auri
1295 3639 1523 3718 libras
1577 3657 1730 3720 tres
1778 3642 2058 3753 argenti
2120 3643 2460 3749 pondera
2515 3659 2803 3749 septem
2867 3659 3164 3722 coactus
3215 3643 3565 3734 exsolvat,
3630 3660 3705 3722 et

853 3805 984 3854 sua
1013 3775 1363 3882 repetitio
1394 3774 1583 3853 nihil
1612 3775 1983 3854 vindicare
2013 3776 2298 3854 valeat:
2329 3776 2466 3853 sed
2489 3804 2809 3882 praesens
2841 3777 3076 3855 cessio
3106 3778 3246 3854 ista
3284 3805 3326 3853 a
3365 3805 3489 3853 me
3516 3775 3700 3854 facta

853 3909 1209 4016 omnique
1246 3925 1586 4015 tempore
1628 3907 1842 3985 firma
1877 3925 1953 3985 et
1987 3907 2273 3985 stabilis
2310 3925 2746 4014 permaneat
2793 3937 2964 3986 cum
3003 3907 3482 4017 stipulatione
3522 3908 3702 3986 sub·

851 4042 1041 4118 nixa.
1083 4042 1302 4117 Facta
1352 4041 1585 4118 cessio
1637 4039 1776 4117 ista
1828 4039 1907 4117 in
1953 4067 2209 4117 mense
2250 4037 2594 4146 januario
2622 4100 2639 4128 ‚
2695 4068 2892 4117 anno
2933 4067 2985 4117 11
3013 4056 3377 4149 vregnante
3420 4040 3699 4118 domno

850 4190 1104 4251 nostro
1145 4170 1562 4250 Lodovico⁵
1589 4198 1764 4279 rege
1800 4170 2400 4278 Equitaniorum.

934 4385 952 4415 ³
1000 4385 1243 4448 Dadonoe
1271 4386 1384 4450 SG.
1417 4386 1500 4447 ibi
1529 4399 1589 4448 et
1614 4385 1877 4448 inferius.
2350 4367 2538 4458 Calvi.
2570 4389 2675 4471 qui
2704 4409 2861 4449 anno
2898 4387 3116 4450 Christi
3147 4385 3271 4451 866
3306 4407 3552 4470 regnare
3589 4407 3697 4447 οω-

933 4488 951 4518 ⁸
1000 4487 1192 4573 Caqub
1220 4488 1334 4552 SG.
2349 4490 2453 4574 pit.
2493 4490 2642 4554 Vide
2683 4512 2858 4577 supra
2887 4490 3100 4554 chartae
3131 4511 3202 4553 111
3234 4501 3432 4551 notam
3465 4488 3698 4550 chroni-

933 4591 952 4622 ‘
996 4563 1182 4653 Balbo
1209 4606 1627 4675 cognomento,
1668 4592 1794 4654 filio
1823 4594 1976 4675 regis
2003 4591 2197 4655 Caroli
2350 4615 2495 4654 cam.
