4442 5769
1385 579 2025 656 MONASTERII
2089 580 2211 653 DE
2276 577 2912 653 BELLOLOCO.
3428 581 3570 652 133

729 751 1148 832 nullatenus
1185 750 1544 842 vindicet,
1585 750 1720 829 sed
1749 750 1907 828 haec
1939 750 2174 827 cessio
2214 749 2351 827 ista
2391 777 2432 825 a
2482 747 2699 826 nobis
2735 748 2956 839 facta,
2996 751 3350 856 omnique
3389 767 3580 827 tem-

730 910 914 992 pore
953 880 1170 958 firma
1212 899 1642 989 permaneat
1679 910 1850 959 cum
1889 880 2363 989 stipulatione
2408 879 2739 958 subnixa.
2800 880 3017 957 Facta
3062 880 3394 959 cessione
3442 880 3579 959 ista

731 1015 809 1091 in
837 1040 1091 1092 mense
1121 1011 1496 1120 januario,
1536 1038 1729 1089 anno
1761 1028 2024 1119 quarto
2057 1028 2412 1120 regnante
2454 1009 2762 1089 domino
2802 1027 3056 1088 nostro
3097 1009 3367 1090 Karolo
3406 1040 3578 1120 rege

733 1143 848 1223 vel
886 1144 1332 1251 imperatore
1361 1144 1812 1221 Francorum
1846 1141 1998 1221 sive
2035 1141 2665 1249 Aquitaniorum³.
2692 1142 2769 1219 S.
2803 1140 3207 1221 Guairaldi.
3247 1143 3323 1222 S.
3355 1142 3585 1221 Emil-

737 1274 884 1364 dis,
927 1272 1060 1380 qui
1099 1271 1291 1351 hanc
1329 1274 1737 1351 cessionem
1776 1271 1937 1349 fieri
1981 1288 2059 1350 et
2099 1271 2496 1355 adfirmare
2535 1288 2998 1379 rogaverunt.
3044 1271 3120 1350 S.
3163 1271 3509 1351 Adalrani
3529 1280 3579 1351 ⁶.

737 1406 814 1484 S.
859 1404 1144 1483 Aiconi.
1189 1406 1265 1483 S.
1312 1404 1597 1484 Astarii.
1642 1405 1721 1483 S.
1764 1402 2122 1482 Rotberti.
2169 1404 2246 1482 S.
2291 1401 2694 1481 Leotharii.
2738 1403 2814 1482 S.
2858 1401 3276 1511 Olitguarii.

2017 2011 2299 2086 LXXX.

917 2237 1183 2317 [Donum
1212 2233 1608 2319 quorumdam
1638 2256 1673 2296 a
1703 2235 1874 2296 Petro
1900 2234 2120 2296 factum
2145 2235 2209 2294 in
2238 2232 2567 2318 Expedino‚
2598 2234 2662 2295 in
2692 2232 3021 2317 Legonorio
3048 2246 3107 2295 et
3133 2233 3420 2315 Salzedo.]

861 2453 1348 2533 Sacrosanctae
1392 2452 1714 2531 basilicae
1753 2454 1829 2533 S.
1873 2453 2072 2530 Petri
2111 2451 2447 2531 Belliloci
2487 2453 2948 2543 monasterii,
3006 2452 3215 2560 quod
3260 2470 3371 2531 est
3418 2481 3595 2534 con-

747 2600 1116 2665 secratum
1171 2585 1249 2662 in
1300 2582 1672 2663 honorem
1727 2584 1804 2663 S.
1857 2583 2056 2662 Petri
2106 2600 2692 2692 caeterorumque
2748 2601 3171 2663 sanctorum
3226 2583 3412 2662 inibi
3467 2585 3598 2663 de-

747 2715 1106 2824 gentium.
1145 2714 1267 2795 Ob
1291 2715 1450 2795 hoc
1479 2715 1725 2824 igitur,
1771 2743 1910 2824 ego
1951 2715 2155 2793 enim
2195 2715 2275 2792 in
2313 2715 2455 2793 Dei
2489 2715 2797 2794 nomine
2831 2715 3123 2805 Petrus,
3169 2715 3465 2794 dimitto
3504 2717 3599 2795 ad

749 2846 1250 2956 supradictum
1287 2847 1538 2927 locum
1577 2846 1863 2954 aliquid
1896 2846 1990 2924 de
2032 2844 2248 2926 alode
2291 2874 2464 2926 meo
2504 2876 2667 2954 quae
2706 2862 2816 2925 est
2851 2846 2930 2924 in
2952 2848 3336 2954 Expedino
3359 2854 3415 2938 ¹,
3450 2867 3601 2927 ter-

747 2980 926 3058 tiam
969 2979 1318 3058 videlicet
1364 2996 1650 3087 partem
1701 2977 1796 3055 de
1844 2978 2120 3067 vineis,
2167 2976 2262 3054 de
2302 2977 2567 3068 bosco,
2625 2977 2719 3054 de
2770 2979 3047 3054 cunctis
3086 2979 3334 3068 terris,
3381 2997 3456 3057 et
3502 2979 3598 3055 de

755 3114 959 3191 omni
994 3142 1075 3191 re
1113 3112 1412 3191 tertiam
1449 3127 1760 3218 partem.
1802 3111 1897 3187 Et
1936 3110 2014 3186 in
2060 3108 2208 3187 alio
2251 3108 2418 3186 loco
2458 3107 2590 3187 ubi
2629 3107 3073 3186 vocabulum
3115 3125 3226 3185 est
3264 3110 3601 3217 Legono-

748 3242 923 3336 rio²,
970 3241 1154 3320 duas
1179 3241 1564 3346 bordarias
1602 3267 1767 3345 quae
1791 3268 1926 3346 per
1956 3238 2450 3317 hereditatem
2484 3237 2670 3316 mihi
2706 3238 3207 3332 obvenerunt3
3249 3258 3323 3318 et
3351 3240 3429 3317 in
3456 3241 3601 3319 alio

749 3373 917 3452 loco
979 3372 1114 3450 uhi
1174 3370 1619 3449 vocabulum
1681 3388 1791 3447 est
1839 3369 2181 3459 Salzedo,
2241 3368 2449 3448 illam
2515 3371 2806 3448 tertiam
2862 3386 3152 3478 partem
3210 3398 3456 3448 meam
3505 3371 3601 3448 de

748 3502 1012 3591 bosco,
1048 3520 1123 3578 et
1152 3501 1246 3579 de
1274 3501 1401 3578 illa
1438 3518 1644 3608 parte
1688 3529 1851 3578 mea
1893 3500 1990 3578 de
2028 3500 2324 3608 paxeria
2362 3501 2657 3579 tertiam
2695 3519 2984 3607 partem
3030 3501 3125 3579 de
3166 3501 3600 3592 medietate,

751 3630 1093 3711 similiter
1132 3634 1209 3712 S.
1241 3632 1460 3710 Petro
1501 3631 1820 3710 dimitto.
1873 3632 2068 3711 Sane
2106 3630 2294 3710 facta
2329 3648 2525 3708 carta
2563 3631 2698 3709 ista
2738 3631 2816 3708 in
2853 3660 3104 3710 mense
3145 3632 3399 3709 madio
3426 3694 3444 3724 ,
3492 3663 3609 3710 re-

755 3778 1018 3869 gnante
1059 3762 1398 3840 Aianrico
1449 3789 1649 3869 rege.
1693 3760 1773 3839 Si
1824 3759 2068 3838 nuilus
2107 3759 2339 3838 homo
2380 3761 2510 3868 qui
2552 3778 2803 3858 contra
2841 3761 3031 3840 hanc
3082 3781 3353 3841 cartam
3394 3765 3605 3843 istam

613 3901 623 3906 ’
756 3892 863 3970 ire
915 3911 1041 3972 aut
1095 3893 1509 4001 inquietare
1558 3889 1877 3970 voluerit
1898 3952 1915 3980 ‚
1961 3890 2300 3999 inprimis
2360 3891 2546 3968 iram
2593 3893 2733 3971 Dei
2794 3894 3327 4001 omnipotentis
3364 3897 3609 3973 incur-

758 4039 903 4113 rat,
962 4041 1037 4101 et
1088 4023 1296 4130 quod
1348 4023 1539 4131 petit
1576 4051 1729 4101 non
1770 4021 2118 4101 vindicet.
2175 4023 2251 4101 S.
2305 4020 2632 4102 Geraldi.
2698 4024 2774 4103 S.
2822 4024 3166 4104 Bonasos.
3220 4025 3298 4104 S.
3340 4027 3605 4133 Ugoni.

763 4151 840 4229 S.
879 4152 1237 4230 Rainaldi.
2006 4170 2010 4174 “

851 4433 871 4464 ⁵
924 4435 1020 4498 Vol
1055 4437 1377 4520 imperator-0
1412 4439 1751 4502 Francorum
1781 4453 1835 4502 σε
1869 4441 2108 4524 Aquita·
2260 4443 2420 4505 mine
2447 4440 2529 4503 ibi
2556 4443 2765 4525 agitur.
2790 4441 2911 4488 —⁸
2958 4441 3253 4505 Aldamnii
3281 4444 3393 4507 SG.

763 4539 975 4601 nicrum
999 4537 1214 4603 desunt
1231 4541 1300 4603 B.
1321 4542 1410 4606 De
1432 4541 1644 4604 Carolo
1661 4542 1868 4606 Crasso
1896 4564 2108 4629 cogno·

854 4827 870 4859 ¹
913 4828 1146 4913 Spodivo
1172 4832 1239 4894 B.
1273 4843 1331 4894 et
1348 4829 1462 4896 SG.
2351 4834 2372 4864 ³
2398 4827 2722 4919 'Leqouan'o
2747 4857 2848 4897 seu
2887 4837 3182 4923 Lagonario
3209 4840 3429 4901 incerte
3452 4839 3565 4903 SG.

3800 2474 3919 2528 Mai.

3680 2569 3813 2625 1032
3829 2600 3864 2612 -
3887 2572 4044 2625 iofio.

3742 2756 3792 2799 B.
3815 2773 3857 2813 p.
3886 2771 3979 2810 ¹09·

3724 2830 3805 2874 sG.
3839 2845 3882 2888 p.
3912 2833 4006 2874 abo.

3743 2908 3791 2949 C.
3814 2922 3856 2964 p.
3886 2910 3981 2951 152.
