4442 5769
890 592 1030 662 158
1245 578 1260 597 ”
1789 602 1798 607 ’
1894 589 2715 664 CHARTULARIUM

881 759 1268 837 immutata
1305 758 1679 837 voluntate
1717 776 1968 838 nostra
1981 821 1999 849 ‚
2043 778 2174 837 aut
2219 759 2421 837 ullus
2461 788 2548 837 ex
2585 760 3017 866 parentibus
3056 762 3331 839 nostris
3345 822 3363 851 ‚
3409 777 3539 839 ant
3576 762 3726 839 ulta

879 890 1212 969 immissa
1272 917 1619 997 persona.
1674 890 1803 996 qui
1862 907 2118 969 eontra
2179 890 2372 967 hanc
2427 890 2933 969 venditionem
2993 890 3225 969 ullam
3275 891 3727 970 calumniam

881 1020 1299 1128 inquietare
1350 1020 1903 1128 praesumpserit
1922 1082 1939 1110 ‚
1991 1020 2331 1127 inprimis
2376 1021 2565 1098 iram
2612 1022 2755 1100 Dei
2816 1020 3353 1129 omnipotentis
3400 1023 3731 1102 incurrat

883 1169 961 1229 et
1006 1180 1178 1229 cum
1228 1153 1467 1230 Datan
1517 1168 1595 1229 et
1637 1150 1922 1230 Abiron
1972 1150 2051 1227 in
2100 1149 2399 1230 inferno
2449 1152 2821 1230 consistat.
2876 1154 3095 1229 Facta
3152 1168 3266 1230 est
3314 1153 3550 1231 cessio
3590 1152 3730 1231 ista

747 1336 778 1367 .
881 1282 961 1357 in
1019 1310 1274 1361 mense
1328 1299 1645 1390 augusto
1672 1341 1689 1370 ‚
1741 1299 2097 1389 regnante
2150 1281 2470 1359 Aenrico
2518 1310 2693 1388 rege
2743 1285 3231 1363 Francorum.
3282 1283 3359 1362 S.
3410 1283 3723 1390 Rigaddi.

440 2569 804 2622 noo—1108.

506 2751 552 2793 B.
573 2766 615 2808 p.
637 2755 732 2795 ηδ.

478 2825 559 2868 SG.
589 2841 632 2883 p.
670 2840 762 2881 177.

507 2902 552 2943 C.
573 2917 617 2959 p.
645 2917 739 2958 ¹⁷7·

882 1412 959 1489 S.
984 1412 1249 1521 Ugoni.
1288 1414 1363 1492 S.
1407 1411 1764 1522 Autgerii.
1809 1413 1885 1494 S.
1928 1412 2295 1491 Rotberti.
2338 1413 2416 1491 S.
2455 1411 2843 1490 Cristina⁸.
2882 1412 2957 1493 S.
3003 1413 3418 1494 Stevenane
3437 1421 3490 1489 ⁹.

2226 1949 2374 2025 CV.

1009 2159 1276 2242 [Donum
1306 2156 1469 2240 quod
1497 2158 1632 2218 fecit
1662 2152 1975 2233 Petronium
2003 2153 2241 2217 Geraldi
2274 2154 2349 2216 de
2377 2153 2563 2241 Capra
2589 2153 2713 2215 filia
2726 2201 2740 2225 ,
2772 2154 2848 2216 de
2877 2175 3083 2216 manso
3129 2154 3283 2216 Allan
3314 2155 3611 2223 Materiae,

2059 2277 2168 2342 pro
2194 2256 2544 2341 sepultum]

996 2453 1431 2545 petronilla,
1471 2454 1628 2531 filia
1661 2452 1969 2533 Geraldi
2013 2454 2109 2531 de
2134 2455 2406 2561 Capra,
2437 2454 2664 2562 hujus
2691 2454 2939 2532 saeculi
2980 2454 3450 2563 fragilitatem
3480 2455 3727 2532 oonsi-

887 2587 1174 2676 derans,
1217 2613 1356 2692 pro
1395 2583 1647 2662 anima
1681 2585 1913 2689 patris
1963 2598 2039 2660 et
2078 2584 2336 2662 matris
2376 2611 2561 2661 meze
2600 2612 2897 2662 necnon
2945 2585 3169 2663 etiam
3208 2612 3347 2691 pro
3384 2584 3729 2691 redemp-

883 2718 1088 2795 tione
1135 2731 1612 2822 peccatorum
1652 2741 2027 2805 meorum,
2071 2712 2169 2789 ad
2219 2713 2474 2791 locum
2522 2714 2653 2820 qui
2690 2731 2999 2792 vocatur
3043 2713 3456 2793 Bomvilla1
3506 2733 3726 2822 atque

887 2846 1166 2926 domno
1225 2844 1550 2926 Geraldo
1607 2843 1856 2923 abbati
1921 2843 2351 2952 caeterisque
2403 2843 3007 2925 cohabitantibus
3057 2844 3470 2935 monachia,
3525 2845 3727 2924 dono

884 3006 1119 3056 unum
1179 2965 1524 3055 maneum
1593 2977 1724 3085 qui
1788 2994 2095 3054 vocatur
2151 2975 2351 3054 Allas
2415 2977 2805 3065 anerias,
2866 3003 3095 3084 quem
3124 3029 3129 3034 -
3162 2975 3530 3057 Geraldns
3590 2976 3733 3056 Ga—

878 3110 1125 3187 rinus2
1170 3124 1376 3187 tenet
1432 3109 1536 3185 ita
1593 3109 1673 3186 in
1727 3107 2066 3187 dominio
2123 3123 2486 3215 quatenus
2554 3107 2744 3186 illud
2784 3108 2943 3214 Ugo
2984 3107 3397 3186 Castrinovi
3451 3106 3728 3185 habere

878 3239 1271 3318 videbatur
1306 3239 1514 3347 quod
1548 3240 1628 3317 in
1666 3240 1979 3348 pignore
2017 3239 2324 3347 triginta
2364 3238 2629 3317 hahuit
2668 3238 3083 3318 solidorum
3118 3266 3423 3316 censum
3455 3265 3676 3315 suum
3707 3270 3724 3313 ε

879 3367 1027 3448 hoc
1082 3386 1194 3448 est
1250 3387 1574 3477 quatuor
1628 3370 1981 3448 sextarios
2040 3385 2318 3460 av'enae3
2374 3385 2451 3447 et
2498 3386 2745 3447 totum
2797 3386 2874 3446 et
2928 3369 3023 3446 ad
3072 3369 3447 3477 integrum
3494 3394 3730 3475 quan-

880 3513 1046 3578 tum
1084 3499 1360 3588 habeo,
1398 3498 1720 3576 dimitto.
1760 3499 1857 3576 Et
1892 3525 2131 3577 unum
2166 3497 2696 3577 molendinum
2732 3499 2942 3606 quod
2978 3516 3280 3577 vocatur
3315 3497 3442 3575 Alz
3480 3497 3723 3584 Betis,

883 3628 1229 3706 similiter
1267 3627 1587 3707 dimitto.
1630 3631 1712 3706 ln
1751 3627 2208 3708 Castronovo
2251 3629 2516 3707 domos
2563 3657 2747 3737 quas
2793 3630 3059 3708 Petrus
3097 3629 3470 3707 Emelius⁸
3505 3629 3729 3733 impi-

881 3760 1216 3867 gnoravit
1255 3759 1348 3836 de
1382 3774 1593 3867 patre
1631 3781 1804 3837 meo
1841 3759 2169 3838 Geraldo
2209 3787 2346 3866 per
2378 3760 2675 3868 triginta
2705 3758 3022 3851 solidos,
3055 3758 3205 3846 hoc
3238 3776 3487 3838 totum
3525 3757 3728 3836 dono

881 3888 1310 3996 supradicto
1350 3889 1551 3981 loco;
1604 3908 1683 3967 et
1715 3917 1972 3967 meum
2015 3917 2315 3997 col-pm,
2360 3890 2819 3997 ubicumque
2863 3891 3161 3980 moriar,
3194 3890 3404 3998 juxta
3442 3906 3725 3995 patrem

883 4048 1142 4099 meum
1188 4019 1597 4099 Geraldum
1647 4047 1769 4098 me
1814 4020 2201 4128 sepeliant.
2254 4024 2474 4100 Facta
2524 4039 2634 4100 est
2684 4021 2918 4099 cessio
2969 4021 3105 4099 ista
3152 4036 3512 4128 regnante
3552 4017 3730 4096 Phi-

881 4152 1090 4260 lippo
1142 4180 1355 4260 rege,
1408 4168 1633 4259 atque
1682 4152 1939 4261 Ugone
1987 4151 2403 4231 Castrinovi
2453 4168 2529 4230 et
2585 4150 2746 4230 filio
2792 4179 2928 4230 suo
2978 4133 3345 4232 Gerberto
3395 4157 3505 4227 et⁴
3554 4151 3728 4228 Rot-

967 4391 986 4422 ⁸
1033 4391 1306 4455 Christian
1331 4392 1395 4453 B.
2465 4390 2486 4421 ⁰
2528 4390 2585 4454 S.
2611 4390 2841 4453 Stoveaa
2864 4388 2976 4453 SG.

973 4653 984 4682 ¹
1031 4654 1119 4717 De
1159 4654 1453 4716 bonavilla
1492 4655 1622 4717 vide
1662 4676 1837 4740 snpra
1878 4655 1970 4717 ch.
2022 4671 2223 4725 mlx,
2462 4653 2483 4684 ²
2531 4656 2784 4717 Gar-iana
2811 4653 3295 4717 false-BNidests
3323 4654 3414 4716 eh.
3449 4676 3561 4718 xm.

883 4779 981 4826 nx,
1028 4778 1122 4818 nn
1167 4770 1225 4820 et
1262 4778 1400 4819 un.
1441 4758 1528 4824 De
1566 4758 1882 4820 Petu-onina
1919 4757 1994 4819 de
2041 4756 2230 4842 Cupra
2464 4758 2485 4789 ⁸
2528 4757 2792 4821 Romilius
2815 4756 2929 4821 SG.

882 4860 1014 4922 vide
1043 4860 1137 4924 ch.
1157 4881 1284 4932 xm,
1316 4873 1373 4923 et
1404 4860 1481 4923 de
1512 4874 1649 4923 nota
1677 4861 1954 4923 chronica
1982 4860 2073 4921 eh.
2099 4882 2227 4930 xm.
2466 4859 2487 4892 ⁴
2530 4862 2609 4922 Et
2634 4861 2796 4924 deest
2822 4861 2935 4925 SG.

883 4975 1004 5025 not.
1045 4987 1061 5025 t
1082 5015 1093 5027 .
