4442 5769
1352 596 1987 673 MONAsTERu
2051 596 2182 669 DE
2248 597 2877 691 BELLoLoco
3384 604 3531 675 205

694 794 1019 876 rumque
1067 784 1526 856 sanctorum,
1569 766 1703 844 ubi
1746 767 1854 844 vir
1890 767 2330 844 venerabilis
2371 766 2738 847 Geraldus
2781 768 3044 848 abbas2
3089 798 3398 876 praeesse
3439 774 3533 848 vi-

697 899 959 977 detur:
994 899 1137 977 hoc
1164 916 1279 977 est
1301 897 1998 1004 capudmansionilis
2025 926 2239 975 meus
2266 898 2396 976 ubi
2423 926 2561 1005 ego
2593 900 2749 1005 ipse
2770 900 2970 1002 visus
2993 929 3172 997 sum
3192 931 3492 980 manere
3508 965 3524 990 ‚

694 1056 865 1106 cum
910 1028 1089 1136 ipsis
1134 1028 1365 1106 vineis
1410 1045 1486 1105 et
1533 1056 1704 1105 cum
1752 1045 1918 1106 orto
1971 1045 2046 1105 et
2097 1056 2270 1106 cum
2318 1029 2473 1134 ipsa
2529 1030 2944 1119 mansione,
2998 1030 3113 1108 vel
3169 1051 3528 1138 quantum

694 1186 831 1266 ego
859 1157 1387 1267 Ragamfredus
1408 1159 1600 1237 inibi
1629 1159 1827 1236 visus
1857 1187 2022 1236 sum
2054 1159 2329 1236 habere
2364 1177 2439 1236 et
2467 1159 2882 1265 possidere,
2910 1176 3159 1238 totum
3191 1180 3263 1238 et
3291 1165 3389 1239 ad
3416 1167 3529 1240 in-

687 1307 982 1397 tegrum
1006 1290 1168 1367 Deo
1190 1305 1266 1368 et
1296 1289 1372 1367 S.
1401 1289 1618 1365 Petro
1649 1288 1886 1365 offero
1926 1288 2021 1366 ad
2062 1288 2449 1365 luminaria
2481 1289 2989 1366 concinnanda
3030 1308 3105 1367 et
3139 1290 3233 1368 ad
3275 1295 3531 1371 missas

689 1436 1142 1497 sacrosancte
1184 1417 1546 1495 canendas
1594 1434 1670 1494 et
1710 1418 1808 1494 ad
1853 1416 2295 1496 sacrificium
2343 1417 2539 1496 bene
2592 1419 3034 1512 dicendum3
3080 1424 3530 1526 supradictas

690 1576 806 1625 res
836 1552 915 1626 in
953 1549 1140 1626 urbe
1173 1547 1599 1635 Caturcino,
1644 1549 1722 1624 in
1758 1548 2022 1626 vicaria
2060 1548 2553 1636 Casliacense,
2599 1548 2676 1624 in
2713 1548 2878 1627 loco
2918 1551 3048 1657 qui
3089 1570 3388 1630 vocatus
3418 1573 3529 1631 est

686 1679 1255 1770 Podiomeian03
1289 1707 1374 1755 ea
1403 1678 1715 1785 quidem
1738 1680 2023 1756 ratione
2056 1697 2171 1768 ut,
2207 1678 2544 1785 quandiu
2570 1679 2910 1757 advixero
2928 1739 2946 1768 ,
2979 1679 3526 1760 usufructuario

686 1827 1016 1901 teneam,
1055 1828 1130 1888 et
1154 1810 1364 1888 annis
1403 1808 1743 1917 singulis,
1791 1826 2128 1916 tempore
2165 1809 2590 1898 vindemiis,
2624 1811 2976 1888 sextarios
3015 1829 3184 1889 octo
3225 1812 3318 1889 de
3357 1814 3523 1890 vino

684 1940 763 2015 in
785 1967 1016 2017 censu
1033 1939 1472 2045 persolvam.
1497 1937 1856 2017 Similiter
1875 1956 1951 2016 et
1970 1938 2196 2017 frater
2223 1967 2436 2015 meus
2455 1939 2907 2017 Domraldus
2925 1957 3177 2018 teneat
3195 1943 3524 2048 quandiu

684 2069 965 2158 vixerit,
988 2076 1197 2178 post³
1213 2086 1635 2147 nostrorum
1659 2095 1969 2174 quoque
1990 2068 2382 2147 amborum
2410 2069 2805 2159 dicessum,
2827 2089 2914 2147 ut
2931 2100 3154 2178 supra
3179 2072 3520 2160 diximus,

684 2217 1015 2277 rectores
1055 2199 1391 2306 ejusdem
1433 2198 1755 2277 ecclesiae
1790 2198 1865 2276 S.
1899 2198 2094 2275 Petri
2136 2198 2470 2276 Belliioci
2512 2200 2594 2276 in
2631 2226 2854 2277 suum
2893 2220 3241 2278 revocent
3282 2204 3524 2278 domi-

684 2331 893 2406 nium
940 2330 1035 2406 ad
1087 2330 1523 2445 sacrarium,
1584 2327 1795 2406 nullo
1846 2330 2428 2407 contradicente.
2483 2330 2678 2407 Sane
2720 2331 2779 2408 si
2821 2331 3028 2435 quis,
3073 2359 3212 2439 ego
3249 2334 3524 2409 immu-

681 2477 829 2536 tata
858 2459 1240 2538 voluntate
1272 2487 1469 2549 mea,
1501 2474 1632 2536 aut
1668 2459 1869 2536 ullus
1905 2486 1992 2536 ex
2032 2459 2445 2537 heredibus
2473 2461 2662 2536 meis
2695 2461 2847 2536 sive
2885 2463 3358 2569 propinquis,
3395 2480 3524 2538 aut

680 2588 830 2666 ulla
871 2590 1198 2667 immissa
1242 2615 1561 2696 persona
1607 2617 1776 2695 quoe
1817 2605 2072 2666 contra
2123 2589 2316 2666 hanc
2357 2591 2768 2671 cessionem
2810 2590 3044 2667 ullam
3081 2591 3520 2668 calumniam

680 2747 1030 2827 generare
1076 2719 1661 2826 praesumpserit,
1707 2718 2049 2824 inprimis
2088 2718 2273 2794 iram
2323 2720 2462 2796 Dei
2510 2721 3045 2827 omnipotentis
3065 2721 3412 2798 'incurrat
3452 2741 3522 2799 et

680 2868 1103 2929 sanctorum
1165 2826 1325 2958 ej'us
1380 2847 1775 2956 illamque‘
1825 2846 2429 2927 maledictionem
2479 2878 2706 2956 quam
2766 2851 3242 2930 incurrerunt
3291 2854 3517 2938 Core,

679 2981 913 3059 Datan
947 2998 1023 3059 et
1048 2980 1365 3070 Abiron,
1393 3008 1544 3086 qua
1584 2979 1873 3085 aperuit
1909 2998 2099 3057 terra
2143 3004 2228 3057 os
2266 3007 2489 3058 suum
2530 2997 2608 3057 et
2646 2979 3034 3087 deglutivit
3072 3009 3200 3058 eos
3238 2998 3313 3058 et
3355 2983 3527 3058 des-

679 3111 1095 3189 cenderunt
1129 3112 1209 3188 in
1256 3107 1666 3199 infernum,
1710 3125 1786 3185 et
1823 3125 1997 3188 ante
2033 3108 2342 3187 fuerunt
2379 3109 2653 3215 sepulti
2694 3137 2920 3215 quam
2962 3111 3262 3187 mortui.
3306 3113 3520 3188 Facta

679 3259 789 3319 est
820 3243 977 3318 haec
1004 3241 1239 3318 cessio
1266 3241 1345 3317 in
1373 3266 1627 3317 mense
1662 3238 2093 3317 decembrio
2113 3299 2132 3328 ,
2165 3240 2308 3316 sub
2347 3239 2651 3318 Loterio
2686 3268 2887 3345 rege.
2933 3240 3010 3317 S.
3052 3239 3518 3346 Ragamfredi

677 3374 808 3478 qui
859 3372 1271 3449 cessionem
1310 3370 1526 3448 istam
1572 3369 1735 3456 fieri
1786 3369 1899 3447 vel
1941 3367 2339 3448 adfirmare
2377 3369 2681 3476 rogavit.
2729 3370 2803 3448 S.
2850 3369 3176 3449 Geraldi.
3222 3371 3297 3448 S.
3343 3372 3522 3449 Gar-

675 3501 926 3582 nerii⁵.
974 3503 1051 3581 S.
1091 3502 1417 3580 Joannis.
1457 3501 1533 3580 S.
1577 3501 1837 3609 Ugoni.
1890 3502 1967 3580 S.
2007 3500 2432 3582 Gauzfredi.

1930 3955 2256 4028 CXLIX.

1043 4114 1309 4196 [Donum
1337 4115 1502 4200 qu'od
1530 4113 1797 4178 fecerunt
1822 4113 2152 4179 Gaudenus
2188 4126 2248 4176 et
2276 4115 2536 4198 Ranguis
2567 4116 2629 4176 in
2663 4117 2948 4177 Marciaco
2980 4117 3160 4195 vills.]

789 4310 1281 4389 Sacrosanctae
1326 4313 1643 4392 basilicae
1693 4315 1767 4393 S.
1819 4314 2018 4392 Petri
2068 4311 2406 4391 Belliloci
2470 4313 2924 4390 monasterii.
2976 4310 3124 4388 Nos
3189 4310 3387 4386 enim
3447 4311 3518 4386 in
3644 4312 3928 4454 9553?

3742 4488 3820 4498 .-

758 4559 778 4588 ²
821 4557 1109 4622 Gersldus
1137 4558 1335 4631 abbas,
1363 4503 1591 4645 primus
1618 4563 1879 4632 nomine,
1910 4562 2010 4625 ab·
2165 4561 2242 4623 ad
2264 4583 2488 4624 annum
2508 4562 2630 4644 986
2661 4582 2782 4643 quo
2810 4559 3144 4621 Benurdus
3171 4560 3518 4623 Bellilocen·
3685 4571 3730 4610 Ξ·
3747 4586 3784 4624 v·
3803 4572 3893 4621 1⁶⁷-

670 4663 891 4726 batim
929 4663 1119 4724 tenuit
1159 4683 1316 4724 anno
1356 4661 1481 4748 968
1522 4684 1640 4724 uua
1669 4685 1808 4725 cum
1835 4663 2016 4727 Guer·
2167 4685 2257 4726 ses
2286 4684 2488 4747 regere
2522 4662 2714 4746 coepit.
3645 4644 3930 4772 Sssjpffig?

672 4785 856 4836 none,
886 4786 1043 4826 anno
1083 4763 1205 4852 969
1236 4765 1424 4837 solus,
1454 4767 1621 4828 annis
1652 4787 1776 4851 970
1805 4777 1863 4828 et
1893 4786 2009 4850 97¹
2256 4765 2276 4796 ⁸
2318 4765 2571 4829 Mser-am
2588 4785 2798 4846 quoque
2811 4764 3130 4848 nymboram
3152 4764 3386 4827 decessus
3403 4764 3513 4827 SG.

673 4880 732 4929 et
758 4868 908 4932 forte
935 4867 1156 4931 diutius
1180 4891 1319 4931 cum
1342 4868 1618 4953 Adalgiso
1646 4889 1752 4931 seu
1776 4867 2020 4951 Adalga·
2255 4866 2276 4898 *
2317 4868 2485 4930 Illam
2513 4888 2616 4949 qne
2630 4912 2812 4926 .....
2851 4869 3054 4928 mor-tui
3082 4867 3294 4928 desunt
3323 4868 3388 4926 B.

671 4971 849 5055 gano,
876 4982 935 5033 et
960 4971 1035 5033 ab
1062 4994 1219 5034 anno
1248 4969 1371 5057 976
1403 4972 1563 5036 solus
1584 4974 1802 5036 iterum
1830 4992 2019 5055 usque
2251 4970 2279 5000 ⁴
2324 4968 2575 5033 Gar-inibi
2603 4970 2670 5032 Β.
