4442 5769
468 1659 530 1710 ¹7
580 1638 700 1692 mai.
750 1639 907 1693 1103.

481 1806 593 1862 134».
618 1803 764 1858 φεῦ.
787 1818 887 1860 p.7.

600 1877 644 1919 C.
668 1894 709 1934 p.
732 1878 776 1918 8.

943 568 987 637 8
1963 558 2768 634 CHARTULARIUM

2310 1124 2406 1196 11.

1505 1365 1700 1447 [Bulla
1732 1364 2026 1428 paschalis
2056 1386 2217 1449 papae
2245 1365 2298 1425 11
2330 1386 2436 1448 pro
2467 1365 2821 1426 monasterio
2853 1363 3276 1446 Bellilocensi.]

1059 1635 1487 1725 Paschalis1‚
1527 1638 1916 1742 episcopus
1962 1663 2213 1713 servus
2253 1663 2630 1712 servorum
2667 1634 2879 1722 Dei2,
2924 1633 3195 1710 dilecto
3235 1632 3391 1710 filio
3422 1632 3776 1721 Geraldo,

949 1764 1194 1843 abbati
1239 1767 1700 1853 monasterii,
1734 1766 1945 1872 quod
1976 1767 2054 1843 in
2088 1764 2438 1843 Belliloco
2480 1766 2702 1842 situm
2745 1779 2885 1854 est,
2921 1765 2996 1839 in
3023 1763 3408 1869 parrochia
3439 1764 3781 1840 Lemovi-

950 1897 1179 1987 censi‚
1241 1923 1452 1972 secus
1513 1895 1821 1972 fluvium
1882 1897 2342 1982 Domoniae'3,
2395 1895 2704 2001 ejusque
2753 1893 3298 1971 successoribus
3348 1892 3782 2001 regulariter

948 2025 1488 2102 substituendis
1525 2025 1601 2100 in
1630 2042 2103 2131 perpetuum.
2134 2024 2251 2102 Ad
2286 2025 2431 2102 hoc
2465 2052 2603 2101 nos
2641 2023 3081 2128 disponente
3112 2022 3441 2101 Domino
3475 2023 3553 2099 in
3586 2025 3783 2129 Apo-

946 2155 1218 2231 stolicae
1261 2152 1475 2231 Sedis
1517 2153 1896 2230 servitium
1934 2171 2354 2260 promotos,
2395 2154 2858 2262 agnoscimus
2893 2171 2978 2229 ut
3015 2154 3174 2259 ejus
3210 2152 3389 2229 filiis
3425 2152 3779 2229 auxilium

946 2283 1514 2390 implorantibus
1543 2283 1939 2359 efficaciter
1956 2284 2346 2360 subvenire
2370 2299 2446 2361 et
2478 2283 2543 2359 ei
2573 2282 3007 2361 obedientes
3030 2284 3223 2358 tueri
3250 2310 3334 2361 ac
3365 2293 3777 2389 protegere,

946 2430 1170 2518 prout
1225 2412 1600 2490 Dominus
1660 2411 1903 2517 dedit,
1959 2411 2388 2489 debeamus,
2441 2411 2652 2489 Unde
2707 2426 3008 2517 oportet
3054 2439 3190 2488 nos
3242 2411 3782 2491 venerabilibus

948 2541 1128 2618 locis
1161 2569 1468 2617 manum
1499 2541 1980 2646 protectionis
2012 2542 2440 2631 extendere,
2468 2558 2544 2618 et
2578 2569 2958 2619 servorum
2994 2542 3132 2619 Dei
3166 2541 3401 2647 quieti
3437 2544 3784 2619 attentius

948 2671 1360 2775 providere.
1400 2671 1632 2777 Igitur
1657 2699 1794 2777 pro
1833 2673 1915 2748 Β.
1957 2672 2153 2747 Petri
2186 2670 2497 2777 apostoli
2538 2672 2981 2760 reverentia,
3017 2672 3228 2778 cujus
3262 2671 3548 2749 nomini
3579 2671 3786 2749 locus

951 2802 1107 2905 ipse
1148 2800 1432 2875 dicatus
1489 2817 1632 2889 est,
1673 2802 1858 2891 tuiS,
1902 2798 2007 2877 fili
2051 2801 2127 2875 in
2171 2801 2502 2890 Christo,
2548 2800 2913 2909 benigne⁴
2951 2801 3298 2907 precibus
3345 2818 3780 2891 annuenteS,

949 2931 1483 3006 monasterium
1526 2948 1846 3008 vestrum
1886 2932 2265 3037 praesentis
2303 2932 2577 3008 decreti
2606 2933 3040 3008 auctoritate
3070 2932 3468 3010 munimuS.
3512 2934 3786 3010 Statui-

952 3090 1116 3137 mus
1148 3061 1349 3136 enim
1367 3078 1448 3138 ut
1468 3061 1668 3137 cellae
1680 3069 1729 3152 ⁵,
1762 3061 1956 3138 aedes
1975 3123 1993 3150 ,
2027 3060 2237 3152 villae,
2266 3062 2539 3168 praedia
2558 3122 2580 3151 ,
2608 3091 2741 3139 seu
2763 3062 3066 3167 reliquas
3097 3063 3599 3167 possessiones
3625 3091 3786 3169 quae

951 3190 1045 3265 ad
1077 3192 1321 3295 ipsum
1353 3190 1683 3267 Belliloci
1706 3193 2242 3268 monasterium
2262 3251 2279 3279 ,
2322 3191 2684 3280 Rodulfi⁶‚
2717 3191 3161 3269 venerabilis
3183 3176 3564 3281 metiioriae
3582 3192 3787 3268 Bitu-

950 3320 1254 3396 ricensis
1282 3320 1843 3425 archiepiscopi,
1879 3322 2213 3399 cessione
2230 3384 2247 3413 ,
2288 3350 2698 3428 regumque
2722 3321 2839 3399 vel
2869 3321 3286 3427 principum
3312 3349 3447 3397 seu
3467 3319 3786 3399 aliorum

952 3447 1292 3523 fidelium
1311 3446 1661 3554 legitimis
1692 3451 2219 3527 donationibus
2239 3512 2256 3539 ‚
2288 3452 2701 3556 pertinent,
2745 3470 2819 3528 et
2843 3480 3329 3558 quaecumque
3365 3452 3441 3527 in
3474 3479 3787 3556 praesen-

951 3576 1219 3653 tiarum
1249 3577 1448 3682 juste
1490 3577 1852 3683 possidet,
1883 3579 2032 3655 sive
2073 3580 2147 3654 in
2187 3579 2558 3671 futurum,
2592 3582 3066 3658 concessione
3097 3580 3569 3686 pontificum,
3605 3580 3787 3657 libe-

951 3704 1239 3782 ralitate
1280 3706 1703 3810 principum
1754 3706 1869 3783 vel
1911 3708 2285 3786 oblatione
2324 3709 2700 3798 fidelium,
2735 3712 2936 3817 juste
2987 3728 3212 3817 atque
3263 3711 3613 3788 canonice
3656 3738 3788 3817 po-

950 3836 1126 3911 terit
1157 3834 1498 3950 adipisci,
1533 3836 1748 3915 firma
1777 3839 1914 3916 tibi
1946 3840 2245 3945 tuisque
2288 3841 2834 3944 successoribus
2866 3859 2942 3918 et
2971 3841 3252 3919 illibata
3282 3859 3786 3947 permaneant.

952 3966 1443 4042 Decernimus
1475 3995 1651 4073 ergo
1690 3986 1776 4044 ut
1812 3969 1999 4046 nulli
2024 3971 2331 4048 omnino
2362 3970 2759 4049 hominum
2779 3972 2995 4050 liceat
3024 3972 3225 4049 idem
3258 3973 3788 4050 monasterium

952 4114 1237 4172 temere
1267 4096 1734 4201 perturbare,
1771 4116 1899 4174 aut
1922 4100 2081 4205 ejus
2106 4101 2609 4204 possessiones
2637 4078 2927 4180 auferre
2945 4163 2962 4192 ,
2997 4102 3112 4178 vel
3139 4102 3413 4179 ablatas
3437 4102 3783 4189 retinere,

956 4225 1326 4314 minuere,
1372 4225 1485 4302 vel
1515 4228 1927 4303 temerariis
1954 4230 2464 4307 vexationibus
2500 4231 2833 4337 fatigare,
2866 4231 2998 4309 sed
3029 4233 3277 4308 omnia
3310 4232 3595 4337 integra
3618 4258 3789 4307 con-

937 4374 1332 4468 serventur
1372 4383 1636 4433 eorum
1681 4384 1816 4462 pro
1857 4384 2179 4463 quorum
2209 4362 2748 4439 sustentatione
2777 4380 2852 4439 et
2874 4362 3414 4468 gubernatione
3447 4387 3787 4439 concessa

1040 4591 1052 4619 ¹
1101 4590 1194 4651 Sic
1215 4593 1360 4694 Βᾶ.
1380 4607 1438 4654 et
1452 4594 1563 4656 SG.
1583 4596 1829 4657 Pascalis
1843 4598 1925 4659 ibi
1945 4598 2098 4658 Ann.
2120 4599 2234 4661 SG.
2532 4597 2552 4630 ⁴
2595 4601 2890 4662 Kar-issima
2915 4601 2980 4662 C.

954 4691 1054 4752 sed
1084 4692 1324 4754 inferius
1346 4695 1646 4758 Paschalis.
2533 4701 2552 4731 ⁵
2599 4702 2793 4772 Colle,
2818 4703 3085 4772 ecclesiae,
3137 4703 3286 4763 villae
3324 4704 3391 4764 B.
3417 4703 3529 4763 illoe
3557 4702 3795 4763 ecclesie

1039 4793 1058 4823 ²
1110 4794 1210 4855 Dei
1237 4795 1399 4856 deest
1426 4797 1493 4857 B.
1526 4810 1584 4858 et
1605 4797 1717 4862 SG.
1750 4825 1757 4832 ·
2447 4804 2620 4873 ville,
2650 4805 2762 4867 SG.

1041 4897 1060 4926 ³
1110 4895 1415 4981 Dordoqnie
1445 4900 1594 4959 Ann.
1619 4899 1714 4963 SG
2532 4907 2551 4936 ⁶
2598 4905 2823 4991 Radufi
2839 4907 2993 4968 Anu.
3017 4907 3132 4972 SG.
3155 4905 3431 4990 Rodalplu'
3451 4909 3520 4970 B.
3537 4918 3597 4968 et
3615 4904 3730 4968 SG.
