<?xml version="1.0" encoding="UTF-8"?>
<!DOCTYPE html PUBLIC "-//W3C//DTD XHTML 1.0 Transitional//EN"
    "http://www.w3.org/TR/xhtml1/DTD/xhtml1-transitional.dtd">
<html xmlns="http://www.w3.org/1999/xhtml" xml:lang="en" lang="en">
 <head>
  <title>
</title>
<meta http-equiv="Content-Type" content="text/html;charset=utf-8" />
  <meta name='ocr-system' content='tesseract 3.04.00' />
  <meta name='ocr-capabilities' content='ocr_page ocr_carea ocr_par ocr_line ocrx_word'/>
</head>
<body>
  <div class='ocr_page' id='page_1' title='image "./cartulairedelab09abbegoog_0488.png"; bbox 0 0 4442 5769; ppageno 0'>
   <div class='ocr_carea' id='block_1_1' title="bbox 976 560 2775 655">
    <p class='ocr_par' dir='ltr' id='par_1_1' title="bbox 976 560 2775 655">
     <span class='ocr_line' id='line_1_1' title="bbox 976 560 2775 655; baseline 0.006 -10"><span class='ocrx_word' id='word_1_1' title='bbox 976 580 1111 647; x_wconf 69' lang='lat'><strong>166</strong></span> <span class='ocrx_word' id='word_1_2' title='bbox 1975 560 2775 655; x_wconf 76' lang='lat' dir='ltr'><strong>CHARTULARIUM</strong></span> 
     </span>
    </p>
   </div>
   <div class='ocr_carea' id='block_1_2' title="bbox 952 749 3854 3432">
    <p class='ocr_par' dir='ltr' id='par_1_2' title="bbox 952 749 3854 3432">
     <span class='ocr_line' id='line_1_2' title="bbox 963 749 3796 857; baseline 0.004 -38"><span class='ocrx_word' id='word_1_3' title='bbox 963 775 1122 821; x_wconf 83' lang='lat' dir='ltr'><strong>rem</strong></span> <span class='ocrx_word' id='word_1_4' title='bbox 1154 749 1229 826; x_wconf 90' lang='lat' dir='ltr'><strong>S.</strong></span> <span class='ocrx_word' id='word_1_5' title='bbox 1256 750 1485 835; x_wconf 85' lang='lat' dir='ltr'><strong>Petri,</strong></span> <span class='ocrx_word' id='word_1_6' title='bbox 1512 749 1587 826; x_wconf 89' lang='lat' dir='ltr'><strong>S.</strong></span> <span class='ocrx_word' id='word_1_7' title='bbox 1611 752 1669 825; x_wconf 94' lang='lat' dir='ltr'><strong>F</strong></span> <span class='ocrx_word' id='word_1_8' title='bbox 1671 749 2039 837; x_wconf 82' lang='lat' dir='ltr'><strong>elicitatis‚</strong></span> <span class='ocrx_word' id='word_1_9' title='bbox 2067 750 2538 857; x_wconf 80' lang='lat' dir='ltr'><strong>aliorumque</strong></span> <span class='ocrx_word' id='word_1_10' title='bbox 2573 770 2994 829; x_wconf 88' lang='lat' dir='ltr'><strong>sanctorum</strong></span> <span class='ocrx_word' id='word_1_11' title='bbox 3014 812 3029 838; x_wconf 83' lang='lat'>‚</span> <span class='ocrx_word' id='word_1_12' title='bbox 3069 752 3196 829; x_wconf 89' lang='lat' dir='ltr'><strong>ubi</strong></span> <span class='ocrx_word' id='word_1_13' title='bbox 3229 753 3336 827; x_wconf 87' lang='lat' dir='ltr'><strong>vir</strong></span> <span class='ocrx_word' id='word_1_14' title='bbox 3367 751 3796 829; x_wconf 87' lang='lat' dir='ltr'><strong>venerabilis</strong></span> 
     </span>
     <span class='ocr_line' id='line_1_3' title="bbox 962 877 3798 986; baseline 0.003 -35"><span class='ocrx_word' id='word_1_15' title='bbox 962 878 1344 956; x_wconf 86' lang='lat' dir='ltr'><strong>Rainulfus</strong></span> <span class='ocrx_word' id='word_1_16' title='bbox 1385 880 1610 957; x_wconf 86' lang='lat' dir='ltr'><strong>abbas</strong></span> <span class='ocrx_word' id='word_1_17' title='bbox 1636 887 1657 928; x_wconf 86' lang='lat'>¹</span> <span class='ocrx_word' id='word_1_18' title='bbox 1704 909 2014 986; x_wconf 85' lang='lat' dir='ltr'><strong>praeesse</strong></span> <span class='ocrx_word' id='word_1_19' title='bbox 2060 880 2351 958; x_wconf 86' lang='lat' dir='ltr'><strong>videtur</strong></span> <span class='ocrx_word' id='word_1_20' title='bbox 2386 912 2403 955; x_wconf 74' lang='grc' dir='ltr'><strong><em>ε</em></strong></span> <span class='ocrx_word' id='word_1_21' title='bbox 2446 877 2589 957; x_wconf 85' lang='lat' dir='ltr'><strong>hoc</strong></span> <span class='ocrx_word' id='word_1_22' title='bbox 2629 898 2802 958; x_wconf 86' lang='lat' dir='ltr'><strong>sunt</strong></span> <span class='ocrx_word' id='word_1_23' title='bbox 2838 898 3070 958; x_wconf 87' lang='lat' dir='ltr'><strong>terras</strong></span> <span class='ocrx_word' id='word_1_24' title='bbox 3109 881 3221 959; x_wconf 88' lang='lat' dir='ltr'><strong>vel</strong></span> <span class='ocrx_word' id='word_1_25' title='bbox 3271 881 3483 957; x_wconf 87' lang='lat' dir='ltr'><strong>silvas</strong></span> <span class='ocrx_word' id='word_1_26' title='bbox 3517 898 3798 959; x_wconf 88' lang='lat' dir='ltr'><strong>nostras</strong></span> 
     </span>
     <span class='ocr_line' id='line_1_4' title="bbox 959 1009 3802 1113; baseline 0.001 -28"><span class='ocrx_word' id='word_1_27' title='bbox 959 1037 1123 1113; x_wconf 83' lang='lat' dir='ltr'><strong>quae</strong></span> <span class='ocrx_word' id='word_1_28' title='bbox 1162 1027 1333 1085; x_wconf 87' lang='lat' dir='ltr'><strong>sunt</strong></span> <span class='ocrx_word' id='word_1_29' title='bbox 1372 1012 1447 1086; x_wconf 90' lang='lat' dir='ltr'><strong>in</strong></span> <span class='ocrx_word' id='word_1_30' title='bbox 1479 1009 1658 1087; x_wconf 88' lang='lat' dir='ltr'><strong>orbe</strong></span> <span class='ocrx_word' id='word_1_31' title='bbox 1700 1011 2191 1099; x_wconf 89' lang='lat' dir='ltr'><strong>Limovicino‚</strong></span> <span class='ocrx_word' id='word_1_32' title='bbox 2229 1013 2306 1087; x_wconf 91' lang='lat' dir='ltr'><strong>in</strong></span> <span class='ocrx_word' id='word_1_33' title='bbox 2333 1010 2606 1087; x_wconf 86' lang='lat' dir='ltr'><strong>vicaria</strong></span> <span class='ocrx_word' id='word_1_34' title='bbox 2634 1010 3078 1103; x_wconf 82' lang='lat' dir='ltr'><strong>Asnacerise,</strong></span> <span class='ocrx_word' id='word_1_35' title='bbox 3122 1012 3200 1087; x_wconf 89' lang='lat' dir='ltr'><strong>in</strong></span> <span class='ocrx_word' id='word_1_36' title='bbox 3231 1011 3398 1089; x_wconf 83' lang='lat' dir='ltr'><strong>loco</strong></span> <span class='ocrx_word' id='word_1_37' title='bbox 3439 1012 3557 1087; x_wconf 80' lang='lat' dir='ltr'><strong>cui</strong></span> <span class='ocrx_word' id='word_1_38' title='bbox 3589 1040 3802 1089; x_wconf 88' lang='lat' dir='ltr'><strong>voca-</strong></span> 
     </span>
     <span class='ocr_line' id='line_1_5' title="bbox 957 1139 3794 1248; baseline 0.001 -34"><span class='ocrx_word' id='word_1_39' title='bbox 957 1139 1223 1226; x_wconf 86' lang='lat' dir='ltr'>bulum</span> <span class='ocrx_word' id='word_1_40' title='bbox 1255 1158 1366 1216; x_wconf 88' lang='lat' dir='ltr'><strong>est</strong></span> <span class='ocrx_word' id='word_1_41' title='bbox 1394 1140 1713 1228; x_wconf 86' lang='lat' dir='ltr'><strong>Palsoni‚</strong></span> <span class='ocrx_word' id='word_1_42' title='bbox 1747 1159 2106 1245; x_wconf 83' lang='lat' dir='ltr'><strong>quantum</strong></span> <span class='ocrx_word' id='word_1_43' title='bbox 2138 1141 2231 1218; x_wconf 91' lang='lat' dir='ltr'><strong>de</strong></span> <span class='ocrx_word' id='word_1_44' title='bbox 2258 1142 2415 1246; x_wconf 84' lang='lat' dir='ltr'><strong>ipsa</strong></span> <span class='ocrx_word' id='word_1_45' title='bbox 2443 1157 2638 1218; x_wconf 87' lang='lat' dir='ltr'><strong>terra</strong></span> <span class='ocrx_word' id='word_1_46' title='bbox 2666 1170 2830 1246; x_wconf 76' lang='lat' dir='ltr'><strong>quae</strong></span> <span class='ocrx_word' id='word_1_47' title='bbox 2860 1141 2954 1217; x_wconf 90' lang='lat' dir='ltr'><strong>de</strong></span> <span class='ocrx_word' id='word_1_48' title='bbox 2972 1147 3002 1189; x_wconf 81' lang='lat'>²</span> <span class='ocrx_word' id='word_1_49' title='bbox 3025 1143 3528 1248; x_wconf 83' lang='lat' dir='ltr'><strong>Barentenago</strong></span> <span class='ocrx_word' id='word_1_50' title='bbox 3558 1170 3794 1248; x_wconf 88' lang='lat' dir='ltr'><strong>usque</strong></span> 
     </span>
     <span class='ocr_line' id='line_1_6' title="bbox 960 1269 3789 1378; baseline 0.001 -34"><span class='ocrx_word' id='word_1_51' title='bbox 960 1269 1053 1344; x_wconf 89' lang='lat' dir='ltr'><strong>ad</strong></span> <span class='ocrx_word' id='word_1_52' title='bbox 1103 1270 1396 1374; x_wconf 85' lang='lat' dir='ltr'><strong>Rogago</strong></span> <span class='ocrx_word' id='word_1_53' title='bbox 1452 1272 1809 1375; x_wconf 77' lang='lat' dir='ltr'><strong>pertinet,</strong></span> <span class='ocrx_word' id='word_1_54' title='bbox 1862 1272 2009 1347; x_wconf 90' lang='lat' dir='ltr'><strong>sive</strong></span> <span class='ocrx_word' id='word_1_55' title='bbox 2058 1300 2195 1376; x_wconf 90' lang='lat' dir='ltr'><strong>per</strong></span> <span class='ocrx_word' id='word_1_56' title='bbox 2241 1271 2396 1349; x_wconf 88' lang='lat' dir='ltr'><strong>rivo</strong></span> <span class='ocrx_word' id='word_1_57' title='bbox 2449 1271 2836 1348; x_wconf 79' lang='lat' dir='ltr'><strong>Marciole⁸</strong></span> <span class='ocrx_word' id='word_1_58' title='bbox 2884 1272 3012 1378; x_wconf 82' lang='lat' dir='ltr'><strong>qui</strong></span> <span class='ocrx_word' id='word_1_59' title='bbox 3067 1271 3266 1348; x_wconf 86' lang='lat' dir='ltr'><strong>vadit</strong></span> <span class='ocrx_word' id='word_1_60' title='bbox 3322 1271 3397 1346; x_wconf 86' lang='lat' dir='ltr'><strong>in</strong></span> <span class='ocrx_word' id='word_1_61' title='bbox 3445 1270 3789 1348; x_wconf 81' lang='lat' dir='ltr'><strong>Palsone⁴</strong></span> 
     </span>
     <span class='ocr_line' id='line_1_7' title="bbox 964 1399 3791 1508; baseline 0.001 -34"><span class='ocrx_word' id='word_1_62' title='bbox 964 1428 1196 1503; x_wconf 88' lang='lat' dir='ltr'><strong>usque</strong></span> <span class='ocrx_word' id='word_1_63' title='bbox 1243 1400 1335 1475; x_wconf 92' lang='lat' dir='ltr'><strong>ad</strong></span> <span class='ocrx_word' id='word_1_64' title='bbox 1384 1399 1582 1477; x_wconf 81' lang='lat' dir='ltr'><strong>fonte</strong></span> <span class='ocrx_word' id='word_1_65' title='bbox 1632 1401 1950 1490; x_wconf 69' lang='lat' dir='ltr'><strong>Perfida,</strong></span> <span class='ocrx_word' id='word_1_66' title='bbox 2007 1421 2080 1478; x_wconf 88' lang='lat' dir='ltr'><strong>et</strong></span> <span class='ocrx_word' id='word_1_67' title='bbox 2126 1418 2494 1508; x_wconf 86' lang='lat' dir='ltr'><strong>quantum</strong></span> <span class='ocrx_word' id='word_1_68' title='bbox 2546 1400 2729 1477; x_wconf 82' lang='lat' dir='ltr'><strong>infra</strong></span> <span class='ocrx_word' id='word_1_69' title='bbox 2785 1401 2955 1479; x_wconf 83' lang='lat' dir='ltr'><strong>istas</strong></span> <span class='ocrx_word' id='word_1_70' title='bbox 3009 1400 3195 1478; x_wconf 90' lang='lat' dir='ltr'><strong>fines</strong></span> <span class='ocrx_word' id='word_1_71' title='bbox 3250 1428 3412 1477; x_wconf 87' lang='lat' dir='ltr'><strong>mea</strong></span> <span class='ocrx_word' id='word_1_72' title='bbox 3465 1401 3791 1478; x_wconf 87' lang='lat' dir='ltr'><strong>cernitur</strong></span> 
     </span>
     <span class='ocr_line' id='line_1_8' title="bbox 962 1530 3788 1639; baseline 0.001 -35"><span class='ocrx_word' id='word_1_73' title='bbox 962 1558 1117 1605; x_wconf 85' lang='lat' dir='ltr'><strong>esse</strong></span> <span class='ocrx_word' id='word_1_74' title='bbox 1151 1532 1552 1633; x_wconf 80' lang='lat' dir='ltr'><strong>possessio,</strong></span> <span class='ocrx_word' id='word_1_75' title='bbox 1596 1547 1835 1607; x_wconf 84' lang='lat' dir='ltr'><strong>totum</strong></span> <span class='ocrx_word' id='word_1_76' title='bbox 1871 1549 1945 1607; x_wconf 88' lang='lat' dir='ltr'><strong>et</strong></span> <span class='ocrx_word' id='word_1_77' title='bbox 1982 1531 2076 1606; x_wconf 86' lang='lat' dir='ltr'><strong>ad</strong></span> <span class='ocrx_word' id='word_1_78' title='bbox 2115 1530 2516 1639; x_wconf 88' lang='lat' dir='ltr'><strong>integrum,</strong></span> <span class='ocrx_word' id='word_1_79' title='bbox 2554 1558 2692 1636; x_wconf 85' lang='lat' dir='ltr'><strong>pro</strong></span> <span class='ocrx_word' id='word_1_80' title='bbox 2723 1532 3062 1608; x_wconf 88' lang='lat' dir='ltr'><strong>remedio</strong></span> <span class='ocrx_word' id='word_1_81' title='bbox 3094 1531 3349 1607; x_wconf 84' lang='lat' dir='ltr'><strong>animae</strong></span> <span class='ocrx_word' id='word_1_82' title='bbox 3380 1558 3592 1618; x_wconf 84' lang='lat' dir='ltr'><strong>meae,</strong></span> <span class='ocrx_word' id='word_1_83' title='bbox 3628 1532 3788 1609; x_wconf 87' lang='lat' dir='ltr'><strong>Deo</strong></span> 
     </span>
     <span class='ocr_line' id='line_1_9' title="bbox 961 1660 3788 1766; baseline 0.001 -31"><span class='ocrx_word' id='word_1_84' title='bbox 961 1679 1031 1735; x_wconf 84' lang='lat' dir='ltr'><strong>et</strong></span> <span class='ocrx_word' id='word_1_85' title='bbox 1079 1660 1428 1737; x_wconf 78' lang='lat' dir='ltr'><strong>Salvatori</strong></span> <span class='ocrx_word' id='word_1_86' title='bbox 1490 1661 1823 1737; x_wconf 88' lang='lat' dir='ltr'><strong>omnium</strong></span> <span class='ocrx_word' id='word_1_87' title='bbox 1864 1677 1939 1737; x_wconf 87' lang='lat' dir='ltr'><strong>et</strong></span> <span class='ocrx_word' id='word_1_88' title='bbox 1988 1663 2062 1738; x_wconf 90' lang='lat' dir='ltr'><strong>S.</strong></span> <span class='ocrx_word' id='word_1_89' title='bbox 2107 1662 2321 1737; x_wconf 88' lang='lat' dir='ltr'><strong>Petro</strong></span> <span class='ocrx_word' id='word_1_90' title='bbox 2372 1660 2786 1747; x_wconf 78' lang='lat' dir='ltr'><strong>offerimuS‚</strong></span> <span class='ocrx_word' id='word_1_91' title='bbox 2843 1662 2917 1736; x_wconf 90' lang='lat' dir='ltr'><strong>in</strong></span> <span class='ocrx_word' id='word_1_92' title='bbox 2967 1660 3357 1766; x_wconf 82' lang='lat' dir='ltr'><strong>stipendiis</strong></span> <span class='ocrx_word' id='word_1_93' title='bbox 3406 1678 3480 1737; x_wconf 89' lang='lat' dir='ltr'><strong>et</strong></span> <span class='ocrx_word' id='word_1_94' title='bbox 3529 1662 3788 1738; x_wconf 86' lang='lat' dir='ltr'><strong>usibus</strong></span> 
     </span>
     <span class='ocr_line' id='line_1_10' title="bbox 957 1790 3788 1896; baseline 0 -29"><span class='ocrx_word' id='word_1_95' title='bbox 957 1791 1491 1867; x_wconf 83' lang='lat' dir='ltr'><strong>monachorum</strong></span> <span class='ocrx_word' id='word_1_96' title='bbox 1516 1852 1531 1877; x_wconf 95' lang='lat'><strong>‚</strong></span> <span class='ocrx_word' id='word_1_97' title='bbox 1589 1807 1670 1867; x_wconf 84' lang='lat' dir='ltr'><strong>ut</strong></span> <span class='ocrx_word' id='word_1_98' title='bbox 1714 1807 1885 1896; x_wconf 88' lang='lat' dir='ltr'><strong>post</strong></span> <span class='ocrx_word' id='word_1_99' title='bbox 1931 1790 2390 1868; x_wconf 88' lang='lat' dir='ltr'><strong>hodiernum</strong></span> <span class='ocrx_word' id='word_1_100' title='bbox 2440 1790 2642 1868; x_wconf 85' lang='lat' dir='ltr'><strong>diem</strong></span> <span class='ocrx_word' id='word_1_101' title='bbox 2681 1791 2948 1867; x_wconf 80' lang='lat' dir='ltr'><strong>faciant</strong></span> <span class='ocrx_word' id='word_1_102' title='bbox 2982 1808 3134 1866; x_wconf 87' lang='lat' dir='ltr'><strong>tam</strong></span> <span class='ocrx_word' id='word_1_103' title='bbox 3183 1792 3321 1896; x_wconf 86' lang='lat' dir='ltr'><strong>ipsi</strong></span> <span class='ocrx_word' id='word_1_104' title='bbox 3359 1819 3581 1895; x_wconf 83' lang='lat' dir='ltr'><strong>quam</strong></span> <span class='ocrx_word' id='word_1_105' title='bbox 3624 1819 3788 1867; x_wconf 89' lang='lat' dir='ltr'><strong>suc-</strong></span> 
     </span>
     <span class='ocr_line' id='line_1_11' title="bbox 959 1921 3784 2030; baseline 0.001 -34"><span class='ocrx_word' id='word_1_106' title='bbox 959 1950 1284 1998; x_wconf 80' lang='lat' dir='ltr'><strong>cessores</strong></span> <span class='ocrx_word' id='word_1_107' title='bbox 1316 1949 1578 1997; x_wconf 86' lang='lat' dir='ltr'><strong>eorum</strong></span> <span class='ocrx_word' id='word_1_108' title='bbox 1621 1924 1695 1997; x_wconf 88' lang='lat' dir='ltr'><strong>in</strong></span> <span class='ocrx_word' id='word_1_109' title='bbox 1725 1923 2058 1999; x_wconf 89' lang='lat' dir='ltr'><strong>venturis</strong></span> <span class='ocrx_word' id='word_1_110' title='bbox 2089 1921 2723 2025; x_wconf 65' lang='lat' dir='ltr'>generationibus»,</span> <span class='ocrx_word' id='word_1_111' title='bbox 2756 1921 3116 2028; x_wconf 72' lang='lat' dir='ltr'><strong>quicquid</strong></span> <span class='ocrx_word' id='word_1_112' title='bbox 3151 1921 3527 2030; x_wconf 86' lang='lat' dir='ltr'><strong>elegerint.</strong></span> <span class='ocrx_word' id='word_1_113' title='bbox 3562 1923 3784 2009; x_wconf 85' lang='lat' dir='ltr'><strong>Sane,</strong></span> 
     </span>
     <span class='ocr_line' id='line_1_12' title="bbox 956 2050 3792 2156; baseline 0 -29"><span class='ocrx_word' id='word_1_114' title='bbox 956 2052 1163 2156; x_wconf 89' lang='lat' dir='ltr'><strong>quod</strong></span> <span class='ocrx_word' id='word_1_115' title='bbox 1206 2053 1507 2127; x_wconf 88' lang='lat' dir='ltr'><strong>minime</strong></span> <span class='ocrx_word' id='word_1_116' title='bbox 1549 2051 1960 2138; x_wconf 85' lang='lat' dir='ltr'><strong>credimus,</strong></span> <span class='ocrx_word' id='word_1_117' title='bbox 1991 2052 2051 2127; x_wconf 90' lang='lat' dir='ltr'><strong>si</strong></span> <span class='ocrx_word' id='word_1_118' title='bbox 2093 2080 2229 2128; x_wconf 91' lang='lat' dir='ltr'><strong>nos</strong></span> <span class='ocrx_word' id='word_1_119' title='bbox 2269 2052 2447 2156; x_wconf 85' lang='lat' dir='ltr'><strong>ipsi,</strong></span> <span class='ocrx_word' id='word_1_120' title='bbox 2498 2052 2884 2127; x_wconf 83' lang='lat' dir='ltr'><strong>immutata</strong></span> <span class='ocrx_word' id='word_1_121' title='bbox 2924 2050 3300 2126; x_wconf 83' lang='lat' dir='ltr'><strong>voluntate</strong></span> <span class='ocrx_word' id='word_1_122' title='bbox 3340 2069 3621 2137; x_wconf 80' lang='lat' dir='ltr'><strong>nostra,</strong></span> <span class='ocrx_word' id='word_1_123' title='bbox 3666 2067 3792 2127; x_wconf 86' lang='lat' dir='ltr'><strong>aut</strong></span> 
     </span>
     <span class='ocr_line' id='line_1_13' title="bbox 960 2180 3792 2286; baseline 0 -29"><span class='ocrx_word' id='word_1_124' title='bbox 960 2182 1155 2259; x_wconf 78' lang='lat' dir='ltr'><strong>nlius</strong></span> <span class='ocrx_word' id='word_1_125' title='bbox 1195 2183 1289 2258; x_wconf 92' lang='lat' dir='ltr'><strong>de</strong></span> <span class='ocrx_word' id='word_1_126' title='bbox 1330 2180 1738 2258; x_wconf 83' lang='lat' dir='ltr'><strong>heredibus</strong></span> <span class='ocrx_word' id='word_1_127' title='bbox 1776 2182 2044 2258; x_wconf 87' lang='lat' dir='ltr'><strong>nostris</strong></span> <span class='ocrx_word' id='word_1_128' title='bbox 2081 2182 2199 2258; x_wconf 84' lang='lat' dir='ltr'><strong>vel</strong></span> <span class='ocrx_word' id='word_1_129' title='bbox 2239 2181 2390 2258; x_wconf 91' lang='lat' dir='ltr'><strong>ulla</strong></span> <span class='ocrx_word' id='word_1_130' title='bbox 2430 2182 2758 2258; x_wconf 88' lang='lat' dir='ltr'><strong>immissa</strong></span> <span class='ocrx_word' id='word_1_131' title='bbox 2801 2208 3115 2286; x_wconf 87' lang='lat' dir='ltr'><strong>persona</strong></span> <span class='ocrx_word' id='word_1_132' title='bbox 3154 2208 3319 2286; x_wconf 83' lang='lat' dir='ltr'><strong>quae</strong></span> <span class='ocrx_word' id='word_1_133' title='bbox 3355 2199 3603 2258; x_wconf 87' lang='lat' dir='ltr'><strong>contra</strong></span> <span class='ocrx_word' id='word_1_134' title='bbox 3639 2208 3792 2257; x_wconf 85' lang='lat' dir='ltr'><strong>ces·</strong></span> 
     </span>
     <span class='ocr_line' id='line_1_14' title="bbox 956 2311 3786 2418; baseline -0.001 -29"><span class='ocrx_word' id='word_1_135' title='bbox 956 2315 1246 2391; x_wconf 88' lang='lat' dir='ltr'><strong>sionem</strong></span> <span class='ocrx_word' id='word_1_136' title='bbox 1303 2314 1533 2417; x_wconf 80' lang='lat' dir='ltr'>ipsam</span> <span class='ocrx_word' id='word_1_137' title='bbox 1588 2314 1699 2388; x_wconf 86' lang='lat' dir='ltr'><strong>ire</strong></span> <span class='ocrx_word' id='word_1_138' title='bbox 1747 2329 1873 2388; x_wconf 87' lang='lat' dir='ltr'><strong>aut</strong></span> <span class='ocrx_word' id='word_1_139' title='bbox 1928 2312 2338 2418; x_wconf 86' lang='lat' dir='ltr'><strong>inquietare</strong></span> <span class='ocrx_word' id='word_1_140' title='bbox 2397 2312 2982 2416; x_wconf 63' lang='lat' dir='ltr'><strong>praesumpserit,</strong></span> <span class='ocrx_word' id='word_1_141' title='bbox 3037 2311 3375 2416; x_wconf 84' lang='lat' dir='ltr'>inprimis</span> <span class='ocrx_word' id='word_1_142' title='bbox 3415 2312 3599 2387; x_wconf 87' lang='lat' dir='ltr'><strong>iram</strong></span> <span class='ocrx_word' id='word_1_143' title='bbox 3646 2311 3786 2388; x_wconf 90' lang='lat' dir='ltr'><strong>Dei</strong></span> 
     </span>
     <span class='ocr_line' id='line_1_15' title="bbox 957 2441 3784 2532; baseline 0 -15"><span class='ocrx_word' id='word_1_144' title='bbox 957 2445 1283 2518; x_wconf 80' lang='lat' dir='ltr'><strong>incurrat</strong></span> <span class='ocrx_word' id='word_1_145' title='bbox 1334 2460 1410 2518; x_wconf 89' lang='lat' dir='ltr'><strong>et</strong></span> <span class='ocrx_word' id='word_1_146' title='bbox 1447 2444 1522 2518; x_wconf 92' lang='lat' dir='ltr'><strong>S.</strong></span> <span class='ocrx_word' id='word_1_147' title='bbox 1576 2443 1808 2531; x_wconf 81' lang='lat' dir='ltr'><strong>Petri,</strong></span> <span class='ocrx_word' id='word_1_148' title='bbox 1862 2441 2135 2520; x_wconf 87' lang='lat' dir='ltr'><strong>deinde</strong></span> <span class='ocrx_word' id='word_1_149' title='bbox 2176 2443 2293 2518; x_wconf 89' lang='lat' dir='ltr'><strong>cui</strong></span> <span class='ocrx_word' id='word_1_150' title='bbox 2345 2441 2550 2519; x_wconf 82' lang='lat' dir='ltr'><strong>litem</strong></span> <span class='ocrx_word' id='word_1_151' title='bbox 2592 2441 2960 2527; x_wconf 81' lang='lat' dir='ltr'><strong>intulerit,</strong></span> <span class='ocrx_word' id='word_1_152' title='bbox 3004 2441 3323 2518; x_wconf 83' lang='lat' dir='ltr'>sociante</span> <span class='ocrx_word' id='word_1_153' title='bbox 3362 2441 3572 2532; x_wconf 88' lang='lat' dir='ltr'><strong>fisco,</strong></span> <span class='ocrx_word' id='word_1_154' title='bbox 3626 2442 3784 2518; x_wconf 89' lang='lat' dir='ltr'><strong>auri</strong></span> 
     </span>
     <span class='ocr_line' id='line_1_16' title="bbox 954 2570 3854 2676; baseline -0.001 -29"><span class='ocrx_word' id='word_1_155' title='bbox 954 2573 1178 2647; x_wconf 87' lang='lat' dir='ltr'><strong>libras</strong></span> <span class='ocrx_word' id='word_1_156' title='bbox 1219 2571 1400 2647; x_wconf 91' lang='lat' dir='ltr'><strong>duas</strong></span> <span class='ocrx_word' id='word_1_157' title='bbox 1435 2574 1716 2676; x_wconf 80' lang='lat' dir='ltr'><strong>argenti</strong></span> <span class='ocrx_word' id='word_1_158' title='bbox 1756 2570 2091 2676; x_wconf 89' lang='lat' dir='ltr'><strong>pondera</strong></span> <span class='ocrx_word' id='word_1_159' title='bbox 2135 2572 2469 2676; x_wconf 89' lang='lat' dir='ltr'><strong>quinque</strong></span> <span class='ocrx_word' id='word_1_160' title='bbox 2520 2588 2813 2648; x_wconf 86' lang='lat' dir='ltr'><strong>coactus</strong></span> <span class='ocrx_word' id='word_1_161' title='bbox 2852 2570 3200 2657; x_wconf 85' lang='lat' dir='ltr'><strong>exsolvat,</strong></span> <span class='ocrx_word' id='word_1_162' title='bbox 3243 2589 3319 2648; x_wconf 86' lang='lat' dir='ltr'><strong>et</strong></span> <span class='ocrx_word' id='word_1_163' title='bbox 3355 2571 3559 2676; x_wconf 88' lang='lat' dir='ltr'><strong>quod</strong></span> <span class='ocrx_word' id='word_1_164' title='bbox 3606 2572 3789 2676; x_wconf 86' lang='lat' dir='ltr'><strong>petit</strong></span> <span class='ocrx_word' id='word_1_165' title='bbox 3841 2638 3854 2644; x_wconf 90' lang='lat'><strong>-</strong></span> 
     </span>
     <span class='ocr_line' id='line_1_17' title="bbox 957 2699 3784 2807; baseline -0.001 -30"><span class='ocrx_word' id='word_1_166' title='bbox 957 2729 1107 2779; x_wconf 90' lang='lat' dir='ltr'><strong>non</strong></span> <span class='ocrx_word' id='word_1_167' title='bbox 1148 2702 1497 2789; x_wconf 83' lang='lat' dir='ltr'><strong>vindicet;</strong></span> <span class='ocrx_word' id='word_1_168' title='bbox 1533 2702 1667 2778; x_wconf 90' lang='lat' dir='ltr'><strong>sed</strong></span> <span class='ocrx_word' id='word_1_169' title='bbox 1697 2726 2019 2807; x_wconf 72' lang='lat' dir='ltr'><strong>praesens</strong></span> <span class='ocrx_word' id='word_1_170' title='bbox 2049 2702 2285 2778; x_wconf 85' lang='lat' dir='ltr'><strong>cessio</strong></span> <span class='ocrx_word' id='word_1_171' title='bbox 2332 2701 2466 2777; x_wconf 84' lang='lat' dir='ltr'><strong>ista</strong></span> <span class='ocrx_word' id='word_1_172' title='bbox 2503 2701 2714 2777; x_wconf 83' lang='lat' dir='ltr'><strong>firma</strong></span> <span class='ocrx_word' id='word_1_173' title='bbox 2749 2718 2824 2777; x_wconf 88' lang='lat' dir='ltr'><strong>et</strong></span> <span class='ocrx_word' id='word_1_174' title='bbox 2849 2699 3131 2778; x_wconf 86' lang='lat' dir='ltr'><strong>stabilis</strong></span> <span class='ocrx_word' id='word_1_175' title='bbox 3158 2716 3582 2806; x_wconf 87' lang='lat' dir='ltr'><strong>permaneat</strong></span> <span class='ocrx_word' id='word_1_176' title='bbox 3612 2729 3784 2776; x_wconf 88' lang='lat' dir='ltr'><strong>cum</strong></span> 
     </span>
     <span class='ocr_line' id='line_1_18' title="bbox 954 2830 3784 2937; baseline -0.001 -27"><span class='ocrx_word' id='word_1_177' title='bbox 954 2832 1419 2937; x_wconf 81' lang='lat' dir='ltr'><strong>stipulatione</strong></span> <span class='ocrx_word' id='word_1_178' title='bbox 1463 2830 1793 2910; x_wconf 87' lang='lat' dir='ltr'><strong>subnixa.</strong></span> <span class='ocrx_word' id='word_1_179' title='bbox 1833 2833 2050 2909; x_wconf 84' lang='lat' dir='ltr'><strong>Facta</strong></span> <span class='ocrx_word' id='word_1_180' title='bbox 2088 2830 2277 2907; x_wconf 89' lang='lat' dir='ltr'><strong>hanc</strong></span> <span class='ocrx_word' id='word_1_181' title='bbox 2316 2832 2727 2909; x_wconf 83' lang='lat' dir='ltr'><strong>cessionem</strong></span> <span class='ocrx_word' id='word_1_182' title='bbox 2768 2831 2845 2907; x_wconf 87' lang='lat' dir='ltr'><strong>in</strong></span> <span class='ocrx_word' id='word_1_183' title='bbox 2881 2856 3134 2907; x_wconf 88' lang='lat' dir='ltr'><strong>mense</strong></span> <span class='ocrx_word' id='word_1_184' title='bbox 3165 2830 3414 2937; x_wconf 85' lang='lat' dir='ltr'><strong>junio,</strong></span> <span class='ocrx_word' id='word_1_185' title='bbox 3458 2857 3650 2907; x_wconf 87' lang='lat' dir='ltr'><strong>anno</strong></span> <span class='ocrx_word' id='word_1_186' title='bbox 3687 2854 3784 2907; x_wconf 83' lang='lat' dir='ltr'><strong>vn</strong></span> 
     </span>
     <span class='ocr_line' id='line_1_19' title="bbox 953 2961 3780 3070; baseline -0.002 -31"><span class='ocrx_word' id='word_1_187' title='bbox 953 2983 1299 3070; x_wconf 84' lang='lat' dir='ltr'><strong>regnante</strong></span> <span class='ocrx_word' id='word_1_188' title='bbox 1326 2963 1570 3043; x_wconf 86' lang='lat' dir='ltr'><strong>Odoni</strong></span> <span class='ocrx_word' id='word_1_189' title='bbox 1618 2966 1834 3069; x_wconf 85' lang='lat' dir='ltr'><strong>regis.</strong></span> <span class='ocrx_word' id='word_1_190' title='bbox 1873 2964 1924 3041; x_wconf 90' lang='lat' dir='ltr'><strong>S</strong></span> <span class='ocrx_word' id='word_1_191' title='bbox 1983 2962 2313 3069; x_wconf 74' lang='lat' dir='ltr'><strong>Aganoni</strong></span> <span class='ocrx_word' id='word_1_192' title='bbox 2339 2969 2386 3039; x_wconf 77' lang='lat'><strong>⁵.</strong></span> <span class='ocrx_word' id='word_1_193' title='bbox 2417 2964 2494 3041; x_wconf 90' lang='lat' dir='ltr'><strong>S.</strong></span> <span class='ocrx_word' id='word_1_194' title='bbox 2524 2962 3096 3069; x_wconf 81' lang='lat' dir='ltr'><strong>Ragniberganae</strong></span> <span class='ocrx_word' id='word_1_195' title='bbox 3135 2961 3384 3038; x_wconf 86' lang='lat' dir='ltr'><strong>uxoris</strong></span> <span class='ocrx_word' id='word_1_196' title='bbox 3423 2961 3613 3067; x_wconf 79' lang='lat' dir='ltr'><strong>ejus,</strong></span> <span class='ocrx_word' id='word_1_197' title='bbox 3651 2962 3780 3064; x_wconf 86' lang='lat' dir='ltr'><strong>qui</strong></span> 
     </span>
     <span class='ocr_line' id='line_1_20' title="bbox 954 3090 3784 3199; baseline -0.001 -31"><span class='ocrx_word' id='word_1_198' title='bbox 954 3098 1359 3172; x_wconf 88' lang='lat' dir='ltr'><strong>cessionem</strong></span> <span class='ocrx_word' id='word_1_199' title='bbox 1390 3098 1602 3172; x_wconf 83' lang='lat' dir='ltr'><strong>istam</strong></span> <span class='ocrx_word' id='word_1_200' title='bbox 1629 3094 1791 3170; x_wconf 89' lang='lat' dir='ltr'><strong>fieri</strong></span> <span class='ocrx_word' id='word_1_201' title='bbox 1826 3113 1902 3171; x_wconf 88' lang='lat' dir='ltr'><strong>et</strong></span> <span class='ocrx_word' id='word_1_202' title='bbox 1924 3092 2316 3170; x_wconf 84' lang='lat' dir='ltr'><strong>adfirmare</strong></span> <span class='ocrx_word' id='word_1_203' title='bbox 2356 3108 2818 3198; x_wconf 85' lang='lat' dir='ltr'><strong>rogaverunt.</strong></span> <span class='ocrx_word' id='word_1_204' title='bbox 2854 3094 2930 3171; x_wconf 94' lang='lat' dir='ltr'><strong>S.</strong></span> <span class='ocrx_word' id='word_1_205' title='bbox 2953 3091 3371 3199; x_wconf 83' lang='lat' dir='ltr'><strong>Agamberti</strong></span> <span class='ocrx_word' id='word_1_206' title='bbox 3395 3098 3445 3167; x_wconf 77' lang='lat'><strong>⁶.</strong></span> <span class='ocrx_word' id='word_1_207' title='bbox 3479 3090 3555 3168; x_wconf 83' lang='lat' dir='ltr'><strong>S.</strong></span> <span class='ocrx_word' id='word_1_208' title='bbox 3586 3091 3784 3168; x_wconf 88' lang='lat' dir='ltr'><strong>Deo-</strong></span> 
     </span>
     <span class='ocr_line' id='line_1_21' title="bbox 952 3220 3778 3329; baseline -0.002 -29"><span class='ocrx_word' id='word_1_209' title='bbox 952 3226 1140 3301; x_wconf 83' lang='lat' dir='ltr'><strong>timii</strong></span> <span class='ocrx_word' id='word_1_210' title='bbox 1170 3226 1437 3302; x_wconf 89' lang='lat' dir='ltr'><strong>vicarii.</strong></span> <span class='ocrx_word' id='word_1_211' title='bbox 1464 3228 1539 3304; x_wconf 91' lang='lat' dir='ltr'><strong>S.</strong></span> <span class='ocrx_word' id='word_1_212' title='bbox 1560 3224 1944 3302; x_wconf 88' lang='lat' dir='ltr'><strong>Bernardi.</strong></span> <span class='ocrx_word' id='word_1_213' title='bbox 1962 3225 2037 3301; x_wconf 90' lang='lat' dir='ltr'><strong>S.</strong></span> <span class='ocrx_word' id='word_1_214' title='bbox 2062 3223 2465 3329; x_wconf 84' lang='lat' dir='ltr'><strong>Agelberti.</strong></span> <span class='ocrx_word' id='word_1_215' title='bbox 2488 3223 2563 3300; x_wconf 90' lang='lat' dir='ltr'><strong>S.</strong></span> <span class='ocrx_word' id='word_1_216' title='bbox 2587 3222 2828 3328; x_wconf 85' lang='lat' dir='ltr'><strong>Agini.</strong></span> <span class='ocrx_word' id='word_1_217' title='bbox 2849 3224 2923 3300; x_wconf 90' lang='lat' dir='ltr'><strong>S.</strong></span> <span class='ocrx_word' id='word_1_218' title='bbox 2946 3221 3358 3299; x_wconf 87' lang='lat' dir='ltr'><strong>Bertrandi.</strong></span> <span class='ocrx_word' id='word_1_219' title='bbox 3385 3220 3455 3297; x_wconf 90' lang='lat' dir='ltr'><strong>S.</strong></span> <span class='ocrx_word' id='word_1_220' title='bbox 3481 3221 3778 3298; x_wconf 84' lang='lat' dir='ltr'><strong>Bosoni.</strong></span> 
     </span>
     <span class='ocr_line' id='line_1_22' title="bbox 954 3354 1956 3432; baseline -0.003 -1"><span class='ocrx_word' id='word_1_221' title='bbox 954 3358 1027 3432; x_wconf 90' lang='lat' dir='ltr'><strong>S.</strong></span> <span class='ocrx_word' id='word_1_222' title='bbox 1064 3354 1440 3431; x_wconf 81' lang='lat' dir='ltr'><strong>Andraldi.</strong></span> <span class='ocrx_word' id='word_1_223' title='bbox 1482 3355 1558 3432; x_wconf 90' lang='lat' dir='ltr'><strong>S.</strong></span> <span class='ocrx_word' id='word_1_224' title='bbox 1590 3354 1956 3431; x_wconf 89' lang='lat' dir='ltr'><strong>Teodoni.</strong></span> 
     </span>
    </p>
   </div>
   <div class='ocr_carea' id='block_1_3' title="bbox 1038 3591 2966 3655">
    <p class='ocr_par' dir='ltr' id='par_1_3' title="bbox 1038 3591 2966 3655">
     <span class='ocr_line' id='line_1_23' title="bbox 1038 3591 2966 3655; baseline -0.001 -4"><span class='ocrx_word' id='word_1_225' title='bbox 1038 3594 1053 3623; x_wconf 90' lang='lat'><em>¹</em></span> <span class='ocrx_word' id='word_1_226' title='bbox 1100 3593 1284 3652; x_wconf 76' lang='lat' dir='ltr'><strong>Abbas</strong></span> <span class='ocrx_word' id='word_1_227' title='bbox 1310 3592 1473 3653; x_wconf 81' lang='lat' dir='ltr'><strong>deest</strong></span> <span class='ocrx_word' id='word_1_228' title='bbox 1500 3594 1566 3655; x_wconf 87' lang='lat' dir='ltr'><strong>B.</strong></span> <span class='ocrx_word' id='word_1_229' title='bbox 2528 3592 2546 3620; x_wconf 77' lang='lat'><strong>⁴</strong></span> <span class='ocrx_word' id='word_1_230' title='bbox 2591 3592 2829 3652; x_wconf 71' lang='lat' dir='ltr'><strong>Palma</strong></span> <span class='ocrx_word' id='word_1_231' title='bbox 2855 3591 2966 3654; x_wconf 87' lang='lat' dir='ltr'><strong>SG.</strong></span> 
     </span>
    </p>
   </div>
   <div class='ocr_carea' id='block_1_4' title="bbox 1035 3691 3717 3879">
    <p class='ocr_par' dir='ltr' id='par_1_4' title="bbox 1035 3691 3717 3879">
     <span class='ocr_line' id='line_1_24' title="bbox 1035 3691 2876 3778; baseline 0 -24"><span class='ocrx_word' id='word_1_232' title='bbox 1035 3693 1054 3724; x_wconf 85' lang='lat'>²</span> <span class='ocrx_word' id='word_1_233' title='bbox 1102 3693 1241 3767; x_wconf 75' lang='lat' dir='ltr'><strong>Quoe</strong></span> <span class='ocrx_word' id='word_1_234' title='bbox 1268 3693 1334 3755; x_wconf 76' lang='lat' dir='ltr'><strong>de</strong></span> <span class='ocrx_word' id='word_1_235' title='bbox 1362 3695 1743 3778; x_wconf 76' lang='lat' dir='ltr'><strong>Bar-entenayo</strong></span> <span class='ocrx_word' id='word_1_236' title='bbox 1770 3695 1983 3757; x_wconf 80' lang='lat' dir='ltr'><strong>desunt</strong></span> <span class='ocrx_word' id='word_1_237' title='bbox 2012 3696 2077 3756; x_wconf 87' lang='lat' dir='ltr'><strong>B.</strong></span> <span class='ocrx_word' id='word_1_238' title='bbox 2529 3693 2548 3722; x_wconf 83' lang='lat'>⁸</span> <span class='ocrx_word' id='word_1_239' title='bbox 2593 3691 2781 3778; x_wconf 74' lang='lat' dir='ltr'><strong><em>Aqam&#39;</em></strong></span> <span class='ocrx_word' id='word_1_240' title='bbox 2807 3693 2876 3754; x_wconf 88' lang='lat' dir='ltr'><strong>B.</strong></span> 
     </span>
     <span class='ocr_line' id='line_1_25' title="bbox 1038 3789 3717 3879; baseline -0.003 -22"><span class='ocrx_word' id='word_1_241' title='bbox 1038 3798 1055 3825; x_wconf 82' lang='lat'><strong>³</strong></span> <span class='ocrx_word' id='word_1_242' title='bbox 1102 3796 1359 3857; x_wconf 70' lang='lat' dir='ltr'><strong>Mar-tiolo</strong></span> <span class='ocrx_word' id='word_1_243' title='bbox 1385 3797 1497 3859; x_wconf 82' lang='lat' dir='ltr'><strong>SG.</strong></span> <span class='ocrx_word' id='word_1_244' title='bbox 2528 3796 2546 3824; x_wconf 81' lang='lat'>⁸</span> <span class='ocrx_word' id='word_1_245' title='bbox 2591 3793 2947 3879; x_wconf 75' lang='lat' dir='ltr'><strong>Aqamberto.</strong></span> <span class='ocrx_word' id='word_1_246' title='bbox 2979 3793 3037 3855; x_wconf 88' lang='lat' dir='ltr'><strong>S.</strong></span> <span class='ocrx_word' id='word_1_247' title='bbox 3073 3792 3319 3861; x_wconf 77' lang='lat' dir='ltr'><strong>Doctino,</strong></span> <span class='ocrx_word' id='word_1_248' title='bbox 3349 3794 3564 3852; x_wconf 75' lang='lat' dir='ltr'><strong>vicar-iis</strong></span> <span class='ocrx_word' id='word_1_249' title='bbox 3607 3789 3717 3852; x_wconf 85' lang='lat' dir='ltr'><strong>SG.</strong></span> 
     </span>
    </p>
   </div>
  </div>
 </body>
</html>
