4442 5769
1381 643 2016 720 MONASTERH
2083 643 2210 716 DE
2276 630 2911 720 BELLohoc'o.
3466 651 3558 720 79

726 819 882 894 sine
926 833 1268 923 respectu
1322 816 1585 894 divinae
1633 815 1931 921 pietatis
1971 813 2064 890 ab
2103 813 2248 892 hoc
2289 815 2557 892 saeculo
2603 814 3142 894 discedentem.
3176 817 3562 910 Quamob-

721 975 881 1025 rem
938 974 1078 1055 ego
1122 948 1196 1023 in
1237 946 1515 1025 Christi
1560 948 1864 1024 nomine
1917 945 2327 1035 Frotarius,
2380 945 2835 1023 consideravi
2878 973 3208 1023 amorem
3250 947 3566 1025 coelestis

722 1078 1006 1185 patriae,
1042 1094 1119 1155 et
1139 1080 1233 1155 de
1259 1077 1399 1156 Dei
1436 1077 1949 1156 misericordia
1986 1075 2412 1163 confidens,
2454 1075 2643 1153 cedo
2679 1104 2799 1153 res
2834 1076 3307 1182 proprietatis
3344 1106 3561 1167 meae,

723 1237 860 1316 pro
883 1206 1225 1286 remedio
1246 1209 1512 1287 animae
1545 1237 1761 1297 meae,
1798 1225 1873 1286 et
1903 1236 2041 1314 pro
2082 1207 2324 1285 anima
2348 1206 2711 1316 genitoris
2732 1207 2883 1284 mei
2919 1208 3222 1285 Frodini
3262 1223 3338 1285 et
3364 1211 3568 1314 geni-

720 1339 924 1417 tricis
962 1365 1148 1417 meae
1176 1338 1731 1448 Ildegardanae²‚
1772 1356 1847 1417 et
1875 1362 2011 1446 pro
2037 1340 2278 1417 anima
2319 1337 2559 1416 fratris
2580 1338 2730 1415 mei
2762 1336 3138 1426 Mam-edi,
3185 1338 3279 1415 ad
3312 1364 3572 1417 mona-

720 1471 1031 1548 sterium
1073 1471 1280 1577 quod
1314 1489 1616 1548 vocatur
1641 1469 2138 1558 Belluslocus‚
2177 1471 2253 1547 in
2294 1469 2581 1549 honore
2619 1470 2750 1548 SS.
2785 1468 2982 1547 Petri
3017 1485 3089 1546 et
3128 1469 3560 1560 Felicitatis,

719 1603 849 1679 ubi
889 1603 1001 1678 vir
1036 1600 1478 1680 venerabilis
1514 1600 1892 1682 Gairulfus
1940 1600 2165 1679 abbas
2211 1628 2524 1709 praeesse
2568 1602 2901 1692 videtum
2946 1600 3094 1677 hoc
3133 1619 3243 1678 est
3279 1620 3567 1680 curtem

719 1756 961 1810 meam
996 1733 1552 1811 dominicariam
1571 1795 1589 1823 ‚
1620 1754 1786 1841 quae
1813 1733 2021 1811 estin
2050 1760 2245 1840 pago
2271 1733 2703 1820 caturcino,
2738 1733 2815 1809 in
2845 1730 3030 1809 valle
3055 1731 3455 1822 Exidense‚
3490 1736 3568 1811 in

716 1863 887 1941 ioco
924 1862 1056 1940 nbi
1095 1864 1541 1942 vocabulum
1572 1880 1684 1941 est
1711 1862 2075 1953 minuas,
2112 1891 2281 1941 cum
2306 1864 2460 1970 ipsa
2493 1862 2779 1969 capella·
2808 1890 2973 1969 quae
3000 1880 3113 1940 est
3140 1860 3443 1940 fundata
3490 1866 3567 1939 in

720 1996 1083 2074 honorem
1111 1994 1250 2073 Dei
1284 2012 1359 2071 et
1398 1994 1473 2073 S.
1501 1995 1783 2085 Mariae,
1819 2023 1988 2071 cum
2022 1994 2373 2072 omnibus
2411 1994 2513 2071 ad
2535 2021 2613 2071 se
2642 1992 3221 2099 pertinentibus,
3268 2013 3345 2070 et
3381 1994 3568 2073 alios

721 2150 1016 2204 mansos
1059 2158 1075 2203 ε
1122 2148 1468 2205 mansum
1513 2124 1650 2204 ubi
1694 2124 2119 2204 Teofredus
2169 2144 2449 2214 manet,
2486 2122 2845 2204 'mansum
2905 2124 3037 2203 uhi
3087 2125 3567 2204 Ermenricus

716 2275 998 2346 manet,
1040 2276 1380 2335 mansum
1420 2256 1549 2334 ubi
1588 2256 2011 2337 Gari-andus
2061 2275 2341 2346 manet,
2383 2282 2721 2334 mansum
2760 2255 2893 2335 ubi
2934 2257 3245 2364 Magnus
3284 2275 3559 2347 manet,

719 2414 1060 2465 mansum
1101 2387 1232 2465 ubi
1280 2384 1624 2467 Silvanus
1665 2405 1950 2476 manet,
2000 2405 2075 2464 et
2117 2387 2348 2464 alium
2389 2408 2730 2467 mansum
2769 2386 2898 2465 ubi
2945 2386 3390 2465 Adaifredus
3421 2414 3564 2463 ma·

717 2535 886 2607 net,
927 2544 1270 2597 mansum
1311 2517 1442 2596 ubi
1492 2519 1906 2597 Deodonus
1947 2534 2219 2595 manet.
2271 2519 2443 2596 Haec
2482 2519 2733 2596 omnia
2769 2519 3113 2624 superius
3148 2520 3557 2607 nominata,

718 2676 892 2725 cum
928 2650 1178 2738 terris,
1223 2649 1485 2739 vineis,
1537 2649 1770 2738 silvis,
1814 2650 2075 2755 pratis,
2129 2649 2591 2757 adjacentiis,
2646 2649 2894 2728 omnia
2939 2667 3015 2726 et
3052 2674 3139 2727 ex
3177 2650 3559 2739 omnibus,

716 2797 1403 2888 quantumcumque
1435 2780 1530 2857 ad
1569 2781 1763 2888 ipsas
1802 2802 1921 2858 res
1949 2781 2210 2889 aspicit
2248 2798 2377 2857 aut
2414 2780 2740 2887 aspicere
2778 2779 3093 2868 videtur,
3138 2781 3302 2857 Deo
3343 2778 3567 2857 salva-

716 2910 856 2989 tori
898 2912 1240 2989 omnium
1286 2928 1364 2989 et
1410 2913 1484 2990 S.
1529 2913 1751 2989 Petro
1790 2911 2062 3003 offero,
2117 2914 2193 2988 in
2221 2912 2609 3018 stipendiis
2639 2909 3211 3000 monachorum,
3266 2930 3353 2988 ut
3400 2930 3567 3017 post

716 3038 1168 3120 hodiernum
1197 3042 1398 3119 diem
1420 3041 1694 3121 faciant
1713 3042 2013 3134 exinde,
2038 3043 2210 3150 jure
2233 3042 2724 3119 ecclesiastico
2741 3105 2756 3132 ‚
2792 3042 3155 3149 quicquid
3181 3042 3559 3148 elegerint.

714 3169 826 3248 De
865 3172 1435 3279 repetitionibus
1472 3199 1679 3263 vero,
1734 3174 1794 3250 si
1846 3197 1983 3280 ego
2037 3172 2227 3279 ipse,
2288 3172 2671 3251 immutata
2706 3171 3119 3261 voluntate,
3183 3190 3311 3249 aut
3362 3172 3564 3251 uilus

717 3302 810 3378 de
836 3302 1247 3381 heredibus
1276 3305 1463 3381 meis
1494 3303 1608 3380 vei
1640 3302 2107 3411 propinqui3‚
2130 3303 2248 3380 vel
2273 3301 2629 3409 quassibet
2655 3303 2982 3379 immissa
3016 3327 3364 3408 persona,
3396 3332 3560 3409 quae

716 3450 969 3510 contra
992 3433 1183 3512 hanc
1217 3434 1627 3514 cessionem
1657 3433 1887 3511 ullam
1921 3434 2130 3512 litem
2165 3460 2518 3541 generare
2551 3433 3125 3539 praesumpserit,
3167 3453 3560 3539 componat

717 3580 792 3640 et
825 3569 1160 3642 tantum-'¹
1201 3582 1277 3642 et
1316 3564 1630 3671 duplum
1673 3582 1959 3642 tantum
2010 3581 2374 3673 quantum
2422 3565 2596 3670 ipsae
2644 3579 2767 3641 ros
2801 3564 3207 3642 melioratae
3246 3564 3555 3646 fuerint.

716 3711 790 3770 et
826 3697 1033 3803 quod
1069 3696 1261 3804 petit
1297 3723 1450 3775 non
1485 3693 1840 3785 vindicet,
1888 3696 2019 3774 sed
2073 3719 2392 3803 praesens
2432 3696 2667 3773 cessio
2717 3696 2855 3773 ista
2894 3691 3109 3773 firma
3159 3712 3234 3773 et
3279 3699 3561 3775 stabilis

711 3843 1140 3931 permaneat
1185 3855 1356 3904 cum
1398 3826 1870 3934 stipulatione
1921 3827 2253 3905 subnixa.
2297 3828 2512 3904 Facta
2561 3842 2672 3903 est
2711 3826 2867 3906 haec
2907 3828 3142 3905 cessio
3190 3828 3265 3905 in
3304 3855 3559 3905 mense

714 3957 943 4047 maio,
978 3985 1175 4037 anno
1198 3959 1422 4036 tertio
1443 3949 1694 4036 Karoli
1720 3957 2252 4065 imperatoris&
2293 3959 2369 4036 S.
2407 3958 2716 4036 Frotarii
2750 3960 2881 4065 qui
2904 3960 3318 4037 cessionem
3345 3963 3561 4038 istam

713 4084 875 4164 fieri
933 4086 1050 4164 vel
1109 4087 1497 4166 adfirmare
1560 4089 1859 4196 rogavit.
1919 4088 1993 4166 S.
2046 4086 2391 4166 Matfredi
2453 4086 2693 4165 fratris
2754 4087 2948 4196 ejus,
3002 4091 3558 4167 consentientis.

716 4216 794 4293 S.
826 4218 1087 4325 Agino.
1133 4219 1207 4297 S.
1238 4218 1636 4299 Gisirauni.
1681 4220 1757 4298 S.
1794 4219 2154 4297 Rotberti.
2200 4220 2276 4298 S.
2302 4217 2725 4297 Gauzberti.
2764 4221 2840 4299 S.
2878 4220 3218 4298 immoni.
3248 4221 3323 4297 S.
3348 4221 3561 4296 Franz
3650 4311 3659 4322 ,

714 4348 941 4426 conis.
987 4351 1064 4429 s.
1108 4347 1920 4430 Galmdi.S.Bald1-10;.
1965 4343 2058 4429 s.
2085 4351 2499 4457 Benjamin.
2544 4350 2619 4428 s.
2664 4329 3035 4427 Adaiardi‘.
3081 4349 3156 4427 s.
3194 4349 3556 4426 nonadei.

673 4625 678 4629 ,
797 4557 818 4588 ²
860 4558 1207 4647 Ildoqadanoe
1224 4563 1293 4625 B.
2213 4563 2525 4647 assumpsit
2575 4583 2710 4622 ann.
2754 4559 2890 4622 Chr.
2941 4561 3084 4630 881;
3126 4561 3229 4623 sed
3258 4563 3320 4623 in
3360 4562 3561 4624 Galliis

798 4659 1107 4748 8-Βιψῖιιιιι
1135 4677 1341 4727 tantum
1370 4665 1582 4728 desunt
1605 4664 1717 4728 SG.
2212 4688 2245 4726 a
2285 4686 2487 4728 mense
2516 4664 2811 4726 decembri
2843 4666 2981 4724 anni
3011 4663 3133 4733 884
3174 4678 3403 4728 tantum
3442 4688 3565 4748 reg-

802 4763 819 4794 ·
863 4765 1105 4830 Carolus
1150 4768 1391 4832 Crassus
1439 4771 1754 4853 imperium
1792 4769 1856 4828 in
1901 4767 2059 4830 Italia
2215 4790 2352 4830 nare
2382 4769 2570 4852 coepit.
