4442 5769
1376 568 2014 643 MONASTERII
2066 571 2199 642 DE
2249 569 2888 643 BELLOLOCO.
3401 569 3540 640 163

715 763 1165 843 aquarumve
1204 735 1665 826 decursibus,
1718 767 1888 815 cum
1929 738 2399 827 molendino,
2446 728 2618 816 eum
2672 766 2929 815 manso
2978 736 3108 814 ubi
3157 736 3546 819 Leoterius

716 882 1003 955 manen
1047 883 1122 943 et
1157 865 1392 944 alium
1427 894 1771 945 mansum
1816 894 2053 973 quem
2087 868 2498 946 Ademams
2545 884 2785 953 tenetz
2839 884 2915 943 et
2940 866 3176 944 alium
3203 896 3544 945 mansum

650 1074 659 1087 ,
716 995 845 1073 ubi
885 995 1323 1075 Costabulus
1360 1016 1642 1086 manet,
1696 1015 1769 1074 et
1813 1015 2507 1105 quantumcumque
2552 998 2649 1074 ad
2698 998 2899 1103 ipsos
2948 1025 3242 1074 mansos
3287 997 3552 1102 aspicit

716 1144 842 1203 aut
878 1127 1205 1232 aspicere
1239 1128 1551 1205 videtur.
1596 1129 1688 1205 Et
1724 1130 1802 1205 in
1840 1129 1988 1206 alio
2030 1129 2194 1207 loco
2241 1130 2374 1234 qui
2407 1145 2708 1207 vocatur
2747 1126 3046 1218 Fletus,
3091 1125 3333 1203 brolio
3373 1155 3546 1203 cum

719 1257 893 1362 ipsis
931 1257 1192 1344 vineiS‚
1237 1285 1408 1335 cum
1445 1258 1663 1336 terris
1698 1257 1913 1336 cultis
1953 1276 2028 1336 et
2074 1258 2404 1352 incultis,
2448 1258 2839 1364 quaesitum
2874 1257 2992 1334 vel
3038 1257 3245 1363 quod
3282 1256 3546 1362 adqui-

717 1384 1035 1463 rendum
1092 1403 1234 1474 est,
1284 1403 1582 1493 excepta
1630 1387 1758 1464 illa
1804 1388 2016 1464 vinea
2056 1416 2278 1494 quam
2323 1389 2397 1466 S.
2443 1387 2831 1464 Rainerio³
2868 1384 3306 1475 condonavi3
3352 1402 3424 1461 et
3464 1387 3540 1461 in

714 1515 1057 1593 Candaco
1096 1516 1673 1623 capmansionile
1712 1516 1841 1594 ubi
1885 1517 2113 1593 Elena
2154 1534 2402 1593 manet
2438 1533 2736 1594 :tamen
2772 1517 2925 1622 ipsa
2955 1533 3202 1607 teneat
3240 1532 3315 1592 et
3346 1514 3543 1592 filius

700 1645 877 1750 ‘ejus
898 1644 1275 1722 Ebrardus
1313 1646 1645 1752 quandiu
1682 1648 1965 1737 vivunt;
2008 1664 2179 1752 post
2212 1645 2514 1724 illorum
2545 1628 2916 1724 dicessum
2950 1646 3027 1723 S.
3061 1646 3277 1722 Petro
3306 1670 3544 1720 rema·

718 1789 909 1850 neat.
937 1773 1030 1851 Et
1054 1775 1129 1851 in
1152 1774 1448 1852 Riheria
1460 1782 1512 1864 ⁴,
1541 1776 1787 1852 vineas
1814 1776 2005 1853 sicut
2035 1774 2418 1853 descendit
2443 1777 2686 1853 rivus⁵
2707 1774 3166 1851 Aldeirineus
3186 1800 3424 1878 usque
3450 1773 3545 1850 ad

715 1902 928 1980 illum
977 1904 1254 1985 cirum⁶
1297 1905 1427 2011 qui
1472 1921 1583 1982 est
1618 1903 1699 1979 in
1732 1903 1998 2011 podio,
2040 1923 2116 1982 et
2150 1931 2387 2010 usque
2432 1905 2509 1979 in
2553 1920 2849 2008 pratum
2886 1931 3057 1980 cum
3092 1903 3256 2007 ipso
3296 1920 3537 2008 prate,

716 2035 906 2109 sicut
930 2035 1132 2109 rivus
1156 2050 1363 2110 tenet
1381 2093 1399 2121 ‚
1435 2061 1605 2110 cum
1638 2061 2028 2140 capmanso
2059 2034 2191 2110 ubi
2228 2035 2541 2111 Severus
2567 2051 2846 2121 manet,
2876 2061 3046 2109 cum
3077 2033 3240 2138 ipso
3268 2033 3497 2110 bosco
3517 2093 3535 2122 ‚

715 2190 886 2239 eum
914 2164 1132 2239 terris
1167 2162 1386 2240 cultis
1423 2180 1502 2241 et
1529 2160 1860 2251 incultiS‚
1907 2179 1982 2239 et
2019 2190 2188 2240 cum
2226 2163 2387 2240 aliis
2422 2163 2657 2240 vineis
2693 2191 2876 2270 quas
2911 2180 3164 2240 tenent
3199 2165 3542 2269 usquein

716 2292 949 2370 Croso
991 2295 1181 2381 rivo,
1241 2311 1314 2369 et
1352 2310 2039 2409 quantumcumque
2080 2293 2158 2368 in
2208 2293 2391 2398 ipsis
2439 2292 2873 2398 supradictis
2921 2292 3106 2371 locis
3152 2292 3352 2398 ipse⁷
3383 2293 3541 2400 Ugo

716 2440 842 2501 aut
880 2440 1089 2528 pater
1117 2424 1275 2530 ejus
1308 2425 1589 2501 Franco
1628 2424 1762 2500 visi
1794 2422 2100 2500 fuerunt
2134 2439 2393 2500 tenere
2442 2451 2529 2499 ex
2566 2422 2819 2512 alode,
2864 2441 3167 2529 excepto
3206 2423 3338 2499 illo
3369 2451 3540 2531 cap·

720 2580 973 2631 manso
1015 2552 1145 2630 ubi
1185 2554 1631 2632 Benedictus
1667 2572 1951 2642 manet,
1994 2580 2167 2631 eum
2209 2552 2558 2631 omnibus
2591 2553 2682 2630 ad
2725 2580 2804 2630 se
2842 2554 3410 2659 pertinentibus.

2057 3155 2201 3227 CX.

1642 3357 1853 3418 Nostia
1881 3357 2228 3441 gurpitionis
2261 3357 2600 3437 [Rotbertil.

829 3593 1162 3686 Qualiter
1197 3593 1498 3670 veniens
1526 3590 1926 3670 Rotbertus
1958 3609 2035 3670 et
2061 3590 2259 3669 filius
2293 3619 2474 3670 suus
2514 3594 2807 3681 Petrus,
2853 3620 2990 3697 pro
3027 3593 3273 3669 anima
3296 3593 3543 3670 uxoris
3594 3612 3794 3667 sm„
3815 3629 3907 3666 aa
3929 3629 4026 3665 m.

720 3753 867 3803 suoe
904 3724 1406 3813 Mutii-edam,
1455 3724 1843 3802 diminuat
1874 3725 1951 3806 S.
1994 3724 2211 3801 Petro
2250 3722 2714 3801 Bellilocensi
2753 3721 2953 3800 illam
2992 3740 3277 3827 partem
3316 3751 3538 3829 quam
3767 3736 3842 3747 ““

719 3855 1097 3934 habebant
1134 3857 1212 3932 in
1249 3856 1413 3959 ipso
1439 3881 1695 3933 manso
1735 3854 1828 3931 de
1867 3854 2352 3943 Mairiniaco¹‚
2402 3853 2531 3960 qui
2561 3869 2862 3931 vocatur
2887 3853 3006 3930 Ad
3033 3853 3365 3931 Martres.
3399 3853 3542 3931 Pro
3654 3816 3952 3947 ssslssfffl‘..

719 3985 959 4061 anima
994 3983 1223 4090 patris
1262 3999 1337 4061 et
1374 3985 1629 4063 matris
1658 4012 1831 4073 suae‚
1876 4002 1952 4061 et
1984 3983 2186 4062 illam
2218 3999 2504 4090 panem
2536 3982 2631 4061 de
2662 3983 2825 4090 ipso
2860 3999 3071 4089 prato
3101 3983 3308 4088 qudd
3332 3982 3543 4087 juxta
3686 3964 3734 4008 ⁰·
3755 3979 3802 4020 ⁹⁸
3827 3965 3923 4006 '⁸⁸‘

721 4139 1055 4190 mansum
1088 4131 1229 4202 est,
1262 4114 1603 4193 similiter
1626 4113 1923 4193 dimitto
1954 4115 2029 4194 S.
2057 4114 2306 4202 Petro,
2339 4131 2413 4191 et
2435 4113 2758 4222 amplius
2779 4141 2928 4191 non
2961 4113 3368 4219 requiram,
3403 4138 3544 4188 nec

722 4271 861 4348 ego
896 4270 1033 4319 nee
1068 4242 1269 4320 ullus
1304 4242 1397 4321 de
1426 4241 1831 4322 heredibus
1867 4244 2075 4321 meis.
2120 4244 2215 4321 Et
2251 4243 2311 4322 si
2353 4271 2490 4352 ego
2531 4245 2661 4322 aut
2698 4242 2893 4320 ullus
2931 4243 3160 4320 homo
3199 4241 3328 4346 qui
3369 4256 3546 4319 co'n-

806 4480 826 4510 ²
869 4478 1155 4542 Rumor-ius
1175 4480 1289 4544 SG.
2293 4483 2311 4511 ⁸
2360 4481 2560 4544 Cor-am
2586 4481 2652 4542 B.

805 4580 826 4610 ⁴
866 4581 1093 4666 Aipeia-a
1118 4581 1232 4646 SG.
2293 4584 2312 4613 ⁷
2355 4584 2508 4664 Ipse.
2535 4630 2549 4644 .
2578 4630 2590 4643 .
2619 4629 2633 4643 .
2678 4580 3090 4648 uuor-adesum
3115 4581 3183 4645 B.

806 4683 825 4712 ⁸
868 4682 1223 4747 Aldu-tincas
1249 4697 1521 4769 corrupte
1541 4684 1653 4748 SG.

810 4913 823 4941 ¹
870 4913 1178 4978 flaviniaco
1206 4917 1272 4979 B.
