4442 5769
1415 580 2052 657 MONASTER-ll
2112 581 2247 655 DE
2312 580 2946 658 BELLOLOCO.
3468 583 3608 654 105

758 755 940 862 ipsis
976 753 1248 842 vineis,
1286 771 1361 832 et
1399 780 1573 830 cum
1612 752 1793 859 ipsis
1827 752 2050 830 terris
2086 782 2253 859 quae
2284 752 2379 829 ad
2407 753 2563 858 ipsa
2591 752 3001 858 pertinent;
3036 752 3209 828 etin
3232 751 3379 828 alio
3404 750 3606 840 1000,

759 915 975 966 secus
1008 886 1248 994 ipsam
1281 884 1536 964 villam
1571 913 1808 993 prope
1848 880 2394 973 adhaerentem,
2440 912 2741 962 mansos
2779 883 2974 961 duos
3024 914 3041 958 z
3090 910 3435 961 mansum
3475 882 3610 961 ubi

759 1018 1214 1097 Bertrandus
1251 1034 1542 1107 manet,
1592 1034 1669 1093 et
1706 1017 1938 1094 alium
1968 1044 2312 1094 mansum
2345 1015 2481 1094 ubi
2518 1015 3058 1093 Aimenradus³
3089 1015 3289 1092 visus
3322 1031 3433 1091 est
3456 1043 3615 1091 ma-

715 1178 981 1253 ⁸nere,
1030 1179 1205 1229 cum
1257 1149 1438 1254 ipsis
1473 1149 1712 1226 vineis
1760 1166 1837 1225 et
1875 1178 2047 1227 cum
2097 1149 2280 1255 ipsis
2332 1147 2553 1225 terris
2599 1177 2766 1255 quae
2806 1147 2902 1224 ad
2950 1146 3153 1252 ipsos
3192 1146 3611 1251 pertinent,

761 1298 1457 1389 quantumcumque
1486 1279 1584 1356 ad
1613 1278 1817 1385 ipsos
1856 1307 2158 1356 mansos
2187 1279 2448 1385 aspicit
2486 1295 2615 1357 aut
2652 1279 2979 1385 aspicere
3014 1278 3336 1364 videtur,
3369 1293 3619 1354 totum

765 1430 842 1490 et
889 1413 985 1490 ad
1024 1412 1442 1519 integrum,
1492 1410 1587 1487 ad
1637 1410 1887 1517 ipsum
1936 1410 2187 1488 locum
2252 1410 2468 1488 cedo.
2518 1411 2666 1487 Ista
2722 1438 2898 1487 vero
2961 1409 3213 1487 omnia
3274 1409 3621 1515 superius

765 1544 1181 1631 nominata,
1214 1545 1379 1621 Deo
1415 1542 1754 1620 salvatori
1786 1542 2128 1621 omnium
2161 1559 2240 1620 et
2270 1542 2345 1621 S.
2378 1543 2599 1633 Petro
2631 1541 2892 1634 offero,
2926 1541 3005 1617 in
3034 1541 3428 1648 stipendiis
3454 1570 3623 1619 mo-

766 1677 1214 1763 nachorum,
1267 1702 1412 1780 pro
1465 1674 1805 1752 remedio
1853 1676 2119 1752 animae
2155 1703 2343 1753 meae
2384 1692 2459 1751 et
2497 1675 2761 1751 animae
2794 1674 3025 1780 patris
3060 1674 3214 1750 mei
3248 1690 3325 1750 et
3361 1674 3622 1751 matris

767 1836 989 1896 meae,
1022 1834 1318 1884 necnon
1357 1822 1434 1884 et
1471 1805 1786 1884 fratrum
1827 1834 2209 1895 meorum,
2258 1824 2333 1883 et
2369 1812 2509 1913 pro
2550 1806 2797 1883 anima
2841 1806 3393 1913 Ermengaudi⁴¹
3424 1832 3624 1911 pres-

764 1941 1026 2028 biteri,
1080 1966 1216 2017 seu
1272 1938 1496 2015 etiam
1550 1936 1687 2015 filii
1738 1939 1890 2016 mei
1936 1938 2242 2016 nomine
2293 1936 2695 2018 Guazfredi
2748 1937 3072 2045 [irfferius
3112 1972 3133 2015 .-
3185 1936 3619 2044 Gozberti],

770 2101 855 2150 ea
890 2071 1206 2178 quidem
1242 2070 1528 2148 ratione
1564 2086 1682 2162 ut,
1739 2068 2082 2175 quandiu
2113 2097 2255 2176 ego
2287 2069 2824 2179 Agambertus⁵
2861 2069 3153 2160 advivo,
3195 2069 3627 2157 usumfruc-

767 2204 1102 2280 tuarium
1133 2200 1586 2308 possideam,
1622 2217 1700 2278 et
1729 2202 1942 2279 annis
1973 2201 2323 2309 singulis.
2365 2201 2461 2279 ad
2491 2200 2964 2279 festivitatem
2999 2203 3075 2281 S.
3111 2201 3344 2291 Petri,
3392 2201 3625 2278 dena-

769 2335 922 2411 rios
975 2332 1384 2411 duodecim
1442 2333 1522 2409 in
1583 2359 1749 2410 cera
1804 2330 1900 2411 de
1955 2362 2186 2411 censu
2245 2333 2698 2439 persolvam3
2759 2352 2933 2440 post
2995 2362 3253 2412 meum
3317 2361 3624 2441 quoque

774 2465 1185 2556 dicessum,
1241 2462 1444 2541 filius
1510 2490 1728 2542 meus
1789 2462 2207 2544 Gozfredus
2275 2467 2530 2572 quoad
2593 2466 2857 2543 vixerit
2880 2527 2898 2555 ,
2959 2466 3055 2543 ad
3114 2463 3623 2544 obedientiam

771 2596 1234 2703 supradictas
1281 2623 1402 2673 res
1447 2611 1704 2673 teneat
1761 2596 1841 2673 in
1898 2595 2452 2704 providentiam
2511 2596 2864 2676 Gozfiedi
2888 2604 2916 2644 ὅ
2976 2597 3387 2703 praepositi3
3457 2612 3630 2703 post

770 2754 994 2808 suum
1032 2727 1444 2815 dicessum,
1483 2744 1813 2805 rectores
1848 2727 2192 2837 ejusdem
2242 2726 2390 2805 loci
2430 2728 2509 2804 in
2538 2757 2748 2806 suam
2787 2746 3140 2808 revocent
3179 2727 3631 2807 dominatio—

772 2880 982 2948 nem,
1017 2858 1227 2938 nuflo
1261 2859 1855 2950 contradicente3
1891 2876 1996 2950 et,
2025 2861 2088 2939 si
2125 2859 2332 2938 ullus
2357 2858 2588 2939 abbas
2627 2878 2751 2939 aut
2780 2859 2986 2939 ullus
3007 2878 3254 2939 rector
3286 2857 3627 2968 ejusdem

772 2991 919 3069 loci
959 3019 1081 3069 res
1115 2991 1579 3098 supradictas
1613 2991 1708 3068 de
1746 2992 1910 3098 ipso
1948 2990 2149 3081 loco,
2186 2992 2306 3071 vel
2338 2990 2540 3069 filius
2572 3021 2790 3071 meus
2821 2992 3269 3082 Gozfredus,
3297 2992 3623 3069 alienare

715 3097 732 3112 ⁹
772 3122 1095 3202 voluerit
1151 3150 1289 3233 per
1353 3123 1838 3200 donationem
1895 3149 2031 3199 seu
2085 3150 2225 3228 per
2286 3123 3011 3201 concambiationem
3059 3123 3176 3200 vel
3239 3125 3317 3200 in
3385 3121 3631 3229 quali·

775 3283 1101 3360 cumque
1139 3253 1405 3343 modo,
1447 3253 1792 3360 inprimis
1831 3253 2021 3329 iram
2051 3253 2193 3331 Dei
2231 3254 2770 3359 omnipotentis
2802 3255 3137 3331 incurrat
3172 3272 3250 3331 et
3277 3255 3352 3333 S.
3391 3254 3624 3343 Petri,

765 3386 1288 3493 apostolorum
1328 3384 1714 3491 principis,
1758 3384 2231 3492 aliorumque
2281 3402 2739 3478 sanctorum,
2784 3403 2861 3463 et
2904 3386 3138 3465 talem
3177 3387 3629 3465 sententiam

774 3533 1157 3594 mereatur
1209 3515 1544 3623 accipere
1595 3516 1900 3624 qualem
1939 3535 2392 3623 acceperunt
2438 3518 2722 3610 Chore,
2778 3517 3019 3598 Datan
3058 3537 3136 3597 et
3176 3517 3461 3597 Abiron
3512 3545 3632 3594 so—

776 3648 1024 3752 ciique
1087 3673 1392 3738 eorum3
1447 3664 1525 3728 et
1576 3647 1858 3754 aperiat
1904 3664 2106 3727 terra
2159 3676 2245 3726 os
2287 3678 2510 3728 suum
2570 3667 2648 3727 et
2696 3649 3065 3759 deglutiat
3123 3679 3285 3740 eos,
3350 3666 3425 3726 et
3487 3649 3629 3724 vivi

779 3778 1241 3857 descendant
1259 3779 1358 3856 ad
1388 3777 1804 3871 infernum,
1843 3798 1921 3858 et
1944 3779 2041 3858 ad
2059 3780 2440 3888 judicium
2478 3780 2688 3858 illam
2726 3781 3144 3860 terribilem
3182 3781 3629 3859 sententiam

779 3909 1087 3987 audiant
1120 3908 1261 3986 sibi
1296 3909 1675 3988 dicentem
1703 3910 2155 4000 Dominum,
2183 3912 2393 4018 quod
2427 3911 2612 3990 dicit
2650 3913 2729 3989 in
2765 3911 3169 4023 Evangelio
3195 3943 3213 3990 t
3239 3914 3622 3999 Discedite‚

777 4044 1118 4146 maliquiz
1164 4046 1231 4118 in
1275 4047 1495 4148 iynem
1532 4057 1874 4121 aeternam.
1924 4044 2303 4122 Memores
2343 4044 2628 4122 debent
2666 4072 2826 4123 esse
2877 4045 3108 4123 abbas
3153 4063 3231 4122 et
3280 4046 3627 4123 monachi

779 4173 909 4278 qui
931 4201 1051 4250 res
1067 4175 1505 4252 monasterii
1539 4173 2009 4283 negligenter
2035 4191 2389 4264 tractant,
2422 4177 2757 4253 Annania
2788 4193 2862 4254 et
2888 4177 3201 4283 Saphira
3213 4184 3263 4267 ⁸,
3297 4205 3394 4254 ne
3425 4204 3630 4253 mor-

777 4321 930 4381 tem
964 4331 1191 4411 quam
1221 4304 1333 4382 illi
1357 4304 1439 4382 in
1469 4332 1781 4413 corpore
1821 4305 2336 4413 pertulerunt,
2369 4307 2506 4414 ipsi
2540 4308 2625 4386 in
2652 4309 2898 4386 anima
2933 4308 3335 4415 patiantur.
3371 4309 3465 4385 Et
3493 4310 3628 4416 qui

779 4461 934 4512 non
979 4434 1211 4513 habet
1257 4432 1468 4543 quod
1513 4436 1782 4514 offerat
1827 4438 1993 4516 Deo
2049 4438 2192 4516 nisi
2246 4438 2610 4547 seipsum,
2663 4438 2810 4519 hoc
2856 4439 3066 4547 quod
3122 4438 3479 4518 offertum
3522 4458 3634 4518 est

779 4593 934 4643 non
976 4564 1210 4642 debet
1249 4565 1607 4673 dissipare
1628 4627 1646 4655 ,
1691 4583 1769 4644 et
1805 4568 1865 4644 si
1905 4585 2058 4645 tam
2091 4597 2317 4648 ausus
2354 4568 2586 4649 fuerit
2633 4571 2804 4676 quis
2849 4586 2936 4649 ut
2971 4571 3120 4648 hoc
3147 4568 3395 4659 faciat,
3433 4569 3634 4648 filius

853 4777 887 4856 „³
929 4777 1277 4842 ammam
1303 4781 1370 4842 Β.
2161 4765 2175 4776 ‘
2373 4785 2393 4814 ·
2441 4784 2701 4869 Gasfivda·
2723 4786 2791 4848 s.

867 4878 890 4911 ⁴
931 4881 1241 4968 Erinyaadi
1267 4883 1382 4948 SG.
2374 4888 2393 4916 ⁷
2436 4887 2729 4952 Maledicta·
2750 4889 2863 4953 SG.

872 4985 890 5013 ⁸
933 4985 1311 5070 Aqambendas
1338 4989 1449 5053 SG.
1671 5035 1678 5040 «
2373 4992 2391 5020 ⁸
2436 4993 2675 5056 Anamia
2703 5008 2755 5056 et
2781 4993 3016 5078 Sophite
3036 4996 3103 5057 B.
