<?xml version="1.0" encoding="UTF-8"?>
<!DOCTYPE html PUBLIC "-//W3C//DTD XHTML 1.0 Transitional//EN"
    "http://www.w3.org/TR/xhtml1/DTD/xhtml1-transitional.dtd">
<html xmlns="http://www.w3.org/1999/xhtml" xml:lang="en" lang="en">
 <head>
  <title>
</title>
<meta http-equiv="Content-Type" content="text/html;charset=utf-8" />
  <meta name='ocr-system' content='tesseract 3.04.00' />
  <meta name='ocr-capabilities' content='ocr_page ocr_carea ocr_par ocr_line ocrx_word'/>
</head>
<body>
  <div class='ocr_page' id='page_1' title='image "./cartulairedelab09abbegoog_0400.png"; bbox 0 0 4442 5769; ppageno 0'>
   <div class='ocr_carea' id='block_1_1' title="bbox 457 1508 819 1579">
    <p class='ocr_par' dir='ltr' id='par_1_1' title="bbox 457 1508 819 1579">
     <span class='ocr_line' id='line_1_1' title="bbox 457 1508 819 1579; baseline 0.008 -20"><span class='ocrx_word' id='word_1_1' title='bbox 457 1508 665 1562; x_wconf 60' lang='lat' dir='ltr'><strong>nffl&#39;nov.</strong></span> <span class='ocrx_word' id='word_1_2' title='bbox 692 1511 819 1579; x_wconf 78' lang='lat'><strong>9²8.</strong></span> 
     </span>
    </p>
   </div>
   <div class='ocr_carea' id='block_1_2' title="bbox 428 1711 855 1843">
    <p class='ocr_par' dir='ltr' id='par_1_2' title="bbox 428 1711 855 1843">
     <span class='ocr_line' id='line_1_2' title="bbox 428 1711 855 1769; baseline 0.005 -17"><span class='ocrx_word' id='word_1_3' title='bbox 428 1711 706 1766; x_wconf 75' lang='lat' dir='ltr'><strong>13.p.s³.sG.</strong></span> <span class='ocrx_word' id='word_1_4' title='bbox 724 1716 855 1769; x_wconf 75' lang='lat' dir='ltr'><strong>p.87.</strong></span> 
     </span>
     <span class='ocr_line' id='line_1_3' title="bbox 523 1787 724 1843; baseline 0.005 -16"><span class='ocrx_word' id='word_1_5' title='bbox 523 1787 568 1827; x_wconf 93' lang='lat' dir='ltr'><strong>C.</strong></span> <span class='ocrx_word' id='word_1_6' title='bbox 587 1801 630 1843; x_wconf 80' lang='lat' dir='ltr'><strong>p.</strong></span> <span class='ocrx_word' id='word_1_7' title='bbox 654 1789 724 1830; x_wconf 73' lang='lat'><strong>⁸8.</strong></span> 
     </span>
    </p>
   </div>
   <div class='ocr_carea' id='block_1_3' title="bbox 901 538 2732 613">
    <p class='ocr_par' dir='ltr' id='par_1_3' title="bbox 901 538 2732 613">
     <span class='ocr_line' id='line_1_4' title="bbox 901 538 2732 613; baseline 0.001 -3"><span class='ocrx_word' id='word_1_8' title='bbox 901 540 997 610; x_wconf 89' lang='grc'><strong>80</strong></span> <span class='ocrx_word' id='word_1_9' title='bbox 1921 538 2732 613; x_wconf 86' lang='lat' dir='ltr'><strong>CHARTULARIUM</strong></span> 
     </span>
    </p>
   </div>
   <div class='ocr_carea' id='block_1_4' title="bbox 2170 995 2464 1076">
    <p class='ocr_par' dir='ltr' id='par_1_4' title="bbox 2170 995 2464 1076">
     <span class='ocr_line' id='line_1_5' title="bbox 2170 995 2464 1076; baseline -0.01 0"><span class='ocrx_word' id='word_1_10' title='bbox 2170 995 2464 1076; x_wconf 81' lang='lat' dir='ltr'><strong>xL1v1.</strong></span> 
     </span>
    </p>
   </div>
   <div class='ocr_carea' id='block_1_5' title="bbox 1035 1236 3607 1324">
    <p class='ocr_par' dir='ltr' id='par_1_5' title="bbox 1035 1236 3607 1324">
     <span class='ocr_line' id='line_1_6' title="bbox 1035 1236 3607 1324; baseline 0.002 -26"><span class='ocrx_word' id='word_1_11' title='bbox 1035 1236 1249 1317; x_wconf 81' lang='lat' dir='ltr'>[Breve</span> <span class='ocrx_word' id='word_1_12' title='bbox 1277 1236 1439 1319; x_wconf 88' lang='lat' dir='ltr'><strong>quod</strong></span> <span class='ocrx_word' id='word_1_13' title='bbox 1469 1236 1602 1297; x_wconf 83' lang='lat' dir='ltr'><strong>fecit</strong></span> <span class='ocrx_word' id='word_1_14' title='bbox 1627 1236 1924 1298; x_wconf 64' lang='lat' dir='ltr'><strong>,lohannes</strong></span> <span class='ocrx_word' id='word_1_15' title='bbox 1953 1237 2160 1306; x_wconf 74' lang='lat' dir='ltr'><strong>abbas,</strong></span> <span class='ocrx_word' id='word_1_16' title='bbox 2192 1236 2268 1298; x_wconf 90' lang='lat' dir='ltr'><strong>de</strong></span> <span class='ocrx_word' id='word_1_17' title='bbox 2298 1238 2537 1299; x_wconf 79' lang='lat' dir='ltr'><strong>ecclesia</strong></span> <span class='ocrx_word' id='word_1_18' title='bbox 2567 1237 2643 1299; x_wconf 89' lang='lat' dir='ltr'><strong>de</strong></span> <span class='ocrx_word' id='word_1_19' title='bbox 2672 1238 2718 1297; x_wconf 88' lang='lat' dir='ltr'><strong>F</strong></span> <span class='ocrx_word' id='word_1_20' title='bbox 2721 1237 2902 1299; x_wconf 81' lang='lat' dir='ltr'><strong>elinas</strong></span> <span class='ocrx_word' id='word_1_21' title='bbox 2931 1250 2989 1299; x_wconf 82' lang='lat' dir='ltr'><strong>et</strong></span> <span class='ocrx_word' id='word_1_22' title='bbox 3018 1238 3149 1301; x_wconf 74' lang='lat' dir='ltr'><strong>villa</strong></span> <span class='ocrx_word' id='word_1_23' title='bbox 3178 1238 3607 1324; x_wconf 62' lang='lat' dir='ltr'><strong>Columbaria]</strong></span> 
     </span>
    </p>
   </div>
   <div class='ocr_carea' id='block_1_6' title="bbox 883 1491 3742 4085">
    <p class='ocr_par' dir='ltr' id='par_1_6' title="bbox 883 1491 3742 4085">
     <span class='ocr_line' id='line_1_7' title="bbox 1009 1491 3742 1601; baseline 0.001 -32"><span class='ocrx_word' id='word_1_24' title='bbox 1009 1492 1505 1599; x_wconf 85' lang='lat' dir='ltr'><strong>Antiquorum</strong></span> <span class='ocrx_word' id='word_1_25' title='bbox 1543 1492 1775 1568; x_wconf 79' lang='lat' dir='ltr'><strong>sanxit</strong></span> <span class='ocrx_word' id='word_1_26' title='bbox 1813 1492 2209 1568; x_wconf 77' lang='lat' dir='ltr'><strong>auctoritas</strong></span> <span class='ocrx_word' id='word_1_27' title='bbox 2241 1508 2316 1567; x_wconf 89' lang='lat' dir='ltr'><strong>et</strong></span> <span class='ocrx_word' id='word_1_28' title='bbox 2347 1491 2596 1597; x_wconf 85' lang='lat' dir='ltr'><strong>legum</strong></span> <span class='ocrx_word' id='word_1_29' title='bbox 2635 1493 2960 1570; x_wconf 87' lang='lat' dir='ltr'><strong>decrevit</strong></span> <span class='ocrx_word' id='word_1_30' title='bbox 2996 1493 3399 1583; x_wconf 84' lang='lat' dir='ltr'><strong>institutio,</strong></span> <span class='ocrx_word' id='word_1_31' title='bbox 3429 1513 3515 1572; x_wconf 91' lang='lat' dir='ltr'><strong>ut</strong></span> <span class='ocrx_word' id='word_1_32' title='bbox 3543 1523 3742 1601; x_wconf 68' lang='lat' dir='ltr'><strong>quae-</strong></span> 
     </span>
     <span class='ocr_line' id='line_1_8' title="bbox 896 1620 3739 1732; baseline 0.001 -32"><span class='ocrx_word' id='word_1_33' title='bbox 896 1652 1215 1730; x_wconf 87' lang='lat' dir='ltr'><strong>cumque</strong></span> <span class='ocrx_word' id='word_1_34' title='bbox 1238 1649 1554 1730; x_wconf 90' lang='lat' dir='ltr'><strong>persona</strong></span> <span class='ocrx_word' id='word_1_35' title='bbox 1578 1650 1696 1698; x_wconf 87' lang='lat' dir='ltr'><strong>res</strong></span> <span class='ocrx_word' id='word_1_36' title='bbox 1719 1620 2187 1727; x_wconf 83' lang='lat' dir='ltr'><strong>proprietatis</strong></span> <span class='ocrx_word' id='word_1_37' title='bbox 2211 1649 2359 1699; x_wconf 84' lang='lat' dir='ltr'><strong>suae</strong></span> <span class='ocrx_word' id='word_1_38' title='bbox 2382 1622 2542 1700; x_wconf 89' lang='lat' dir='ltr'><strong>Deo</strong></span> <span class='ocrx_word' id='word_1_39' title='bbox 2564 1622 2712 1699; x_wconf 87' lang='lat' dir='ltr'><strong>sive</strong></span> <span class='ocrx_word' id='word_1_40' title='bbox 2732 1624 3001 1701; x_wconf 84' lang='lat' dir='ltr'><strong>sanctis</strong></span> <span class='ocrx_word' id='word_1_41' title='bbox 3032 1624 3222 1732; x_wconf 81' lang='lat' dir='ltr'><strong>ejus,</strong></span> <span class='ocrx_word' id='word_1_42' title='bbox 3245 1652 3384 1730; x_wconf 91' lang='lat' dir='ltr'><strong>pro</strong></span> <span class='ocrx_word' id='word_1_43' title='bbox 3404 1626 3739 1703; x_wconf 91' lang='lat' dir='ltr'><strong>remedio</strong></span> 
     </span>
     <span class='ocr_line' id='line_1_9' title="bbox 894 1752 3742 1860; baseline 0.001 -31"><span class='ocrx_word' id='word_1_44' title='bbox 894 1755 1158 1830; x_wconf 86' lang='lat' dir='ltr'><strong>animae</strong></span> <span class='ocrx_word' id='word_1_45' title='bbox 1189 1782 1338 1833; x_wconf 83' lang='lat' dir='ltr'><strong>suae</strong></span> <span class='ocrx_word' id='word_1_46' title='bbox 1370 1769 1911 1860; x_wconf 84' lang='lat' dir='ltr'><strong>parentumque</strong></span> <span class='ocrx_word' id='word_1_47' title='bbox 1944 1780 2291 1841; x_wconf 87' lang='lat' dir='ltr'><strong>suorum,</strong></span> <span class='ocrx_word' id='word_1_48' title='bbox 2339 1752 2613 1831; x_wconf 82' lang='lat' dir='ltr'><strong>offerre</strong></span> <span class='ocrx_word' id='word_1_49' title='bbox 2639 1753 2991 1842; x_wconf 85' lang='lat' dir='ltr'><strong>voluerit,</strong></span> <span class='ocrx_word' id='word_1_50' title='bbox 3034 1781 3170 1860; x_wconf 91' lang='lat' dir='ltr'><strong>per</strong></span> <span class='ocrx_word' id='word_1_51' title='bbox 3208 1771 3479 1832; x_wconf 85' lang='lat' dir='ltr'><strong>cartam</strong></span> <span class='ocrx_word' id='word_1_52' title='bbox 3522 1774 3742 1834; x_wconf 85' lang='lat' dir='ltr'><strong>testa-</strong></span> 
     </span>
     <span class='ocr_line' id='line_1_10' title="bbox 894 1881 3738 1990; baseline 0.002 -31"><span class='ocrx_word' id='word_1_53' title='bbox 894 1887 1118 1961; x_wconf 84' lang='lat' dir='ltr'><strong>menti</strong></span> <span class='ocrx_word' id='word_1_54' title='bbox 1155 1885 1305 1962; x_wconf 86' lang='lat' dir='ltr'><strong>sive</strong></span> <span class='ocrx_word' id='word_1_55' title='bbox 1345 1911 1481 1990; x_wconf 90' lang='lat' dir='ltr'><strong>per</strong></span> <span class='ocrx_word' id='word_1_56' title='bbox 1519 1881 1932 1972; x_wconf 83' lang='lat' dir='ltr'><strong>codicillos,</strong></span> <span class='ocrx_word' id='word_1_57' title='bbox 1976 1884 2055 1960; x_wconf 90' lang='lat' dir='ltr'><strong>in</strong></span> <span class='ocrx_word' id='word_1_58' title='bbox 2094 1882 2446 1961; x_wconf 90' lang='lat' dir='ltr'><strong>omnibus</strong></span> <span class='ocrx_word' id='word_1_59' title='bbox 2486 1885 2817 1989; x_wconf 87' lang='lat' dir='ltr'><strong>potiatur</strong></span> <span class='ocrx_word' id='word_1_60' title='bbox 2852 1884 3184 1962; x_wconf 88' lang='lat' dir='ltr'><strong>arbitrio.</strong></span> <span class='ocrx_word' id='word_1_61' title='bbox 3227 1885 3738 1980; x_wconf 80' lang='lat' dir='ltr'><strong>Quamobrem</strong></span> 
     </span>
     <span class='ocr_line' id='line_1_11' title="bbox 894 2013 3742 2123; baseline 0.001 -31"><span class='ocrx_word' id='word_1_62' title='bbox 894 2044 1032 2121; x_wconf 83' lang='lat' dir='ltr'><strong>ego</strong></span> <span class='ocrx_word' id='word_1_63' title='bbox 1081 2018 1157 2092; x_wconf 93' lang='lat' dir='ltr'><strong>in</strong></span> <span class='ocrx_word' id='word_1_64' title='bbox 1205 2016 1344 2094; x_wconf 87' lang='lat' dir='ltr'><strong>Dei</strong></span> <span class='ocrx_word' id='word_1_65' title='bbox 1395 2015 1703 2093; x_wconf 91' lang='lat' dir='ltr'><strong>nomine</strong></span> <span class='ocrx_word' id='word_1_66' title='bbox 1733 2014 2117 2093; x_wconf 82' lang='lat' dir='ltr'><strong>..lohannes</strong></span> <span class='ocrx_word' id='word_1_67' title='bbox 2160 2013 2419 2102; x_wconf 86' lang='lat' dir='ltr'><strong>abbas,</strong></span> <span class='ocrx_word' id='word_1_68' title='bbox 2467 2015 2654 2093; x_wconf 89' lang='lat' dir='ltr'><strong>cedo</strong></span> <span class='ocrx_word' id='word_1_69' title='bbox 2700 2014 2987 2121; x_wconf 84' lang='lat' dir='ltr'><strong>aliquid</strong></span> <span class='ocrx_word' id='word_1_70' title='bbox 3016 2015 3110 2093; x_wconf 88' lang='lat' dir='ltr'><strong>de</strong></span> <span class='ocrx_word' id='word_1_71' title='bbox 3141 2016 3364 2094; x_wconf 81' lang='lat' dir='ltr'><strong>rebus</strong></span> <span class='ocrx_word' id='word_1_72' title='bbox 3403 2019 3742 2123; x_wconf 88' lang='lat' dir='ltr'><strong>proprie-</strong></span> 
     </span>
     <span class='ocr_line' id='line_1_12' title="bbox 890 2143 3741 2252; baseline 0 -27"><span class='ocrx_word' id='word_1_73' title='bbox 890 2148 1060 2225; x_wconf 83' lang='lat' dir='ltr'><strong>tatis</strong></span> <span class='ocrx_word' id='word_1_74' title='bbox 1092 2175 1273 2225; x_wconf 81' lang='lat' dir='ltr'><strong>meae</strong></span> <span class='ocrx_word' id='word_1_75' title='bbox 1313 2147 1408 2225; x_wconf 84' lang='lat' dir='ltr'><strong>ad</strong></span> <span class='ocrx_word' id='word_1_76' title='bbox 1441 2146 1689 2224; x_wconf 91' lang='lat' dir='ltr'><strong>locum</strong></span> <span class='ocrx_word' id='word_1_77' title='bbox 1724 2145 1854 2252; x_wconf 87' lang='lat' dir='ltr'><strong>qui</strong></span> <span class='ocrx_word' id='word_1_78' title='bbox 1883 2143 2350 2223; x_wconf 86' lang='lat' dir='ltr'><strong>Belluslocus</strong></span> <span class='ocrx_word' id='word_1_79' title='bbox 2379 2145 2674 2237; x_wconf 88' lang='lat' dir='ltr'><strong>dicitur,</strong></span> <span class='ocrx_word' id='word_1_80' title='bbox 2707 2146 2837 2252; x_wconf 88' lang='lat' dir='ltr'><strong>qui</strong></span> <span class='ocrx_word' id='word_1_81' title='bbox 2869 2163 2983 2222; x_wconf 88' lang='lat' dir='ltr'><strong>est</strong></span> <span class='ocrx_word' id='word_1_82' title='bbox 3010 2145 3361 2223; x_wconf 82' lang='lat' dir='ltr'><strong>fundatus</strong></span> <span class='ocrx_word' id='word_1_83' title='bbox 3398 2148 3475 2223; x_wconf 90' lang='lat' dir='ltr'><strong>in</strong></span> <span class='ocrx_word' id='word_1_84' title='bbox 3505 2147 3741 2226; x_wconf 66' lang='lat' dir='ltr'><strong>hono-</strong></span> 
     </span>
     <span class='ocr_line' id='line_1_13' title="bbox 889 2276 3741 2383; baseline 0.002 -31"><span class='ocrx_word' id='word_1_85' title='bbox 889 2306 1050 2354; x_wconf 86' lang='lat' dir='ltr'><strong>rem</strong></span> <span class='ocrx_word' id='word_1_86' title='bbox 1103 2281 1177 2356; x_wconf 91' lang='lat' dir='ltr'><strong>S.</strong></span> <span class='ocrx_word' id='word_1_87' title='bbox 1234 2279 1431 2355; x_wconf 90' lang='lat' dir='ltr'><strong>Petri</strong></span> <span class='ocrx_word' id='word_1_88' title='bbox 1489 2276 1956 2383; x_wconf 86' lang='lat' dir='ltr'><strong>aliorumque</strong></span> <span class='ocrx_word' id='word_1_89' title='bbox 2008 2293 2465 2365; x_wconf 84' lang='lat' dir='ltr'><strong>sanctorum,</strong></span> <span class='ocrx_word' id='word_1_90' title='bbox 2528 2276 2658 2353; x_wconf 89' lang='lat' dir='ltr'><strong>ubi</strong></span> <span class='ocrx_word' id='word_1_91' title='bbox 2717 2304 2855 2382; x_wconf 87' lang='lat' dir='ltr'><strong>ego</strong></span> <span class='ocrx_word' id='word_1_92' title='bbox 2905 2278 3062 2382; x_wconf 84' lang='lat' dir='ltr'><strong>ipse</strong></span> <span class='ocrx_word' id='word_1_93' title='bbox 3105 2277 3480 2357; x_wconf 89' lang='lat' dir='ltr'><strong>Johannes</strong></span> <span class='ocrx_word' id='word_1_94' title='bbox 3519 2277 3741 2357; x_wconf 88' lang='lat' dir='ltr'><strong>abbas</strong></span> 
     </span>
     <span class='ocr_line' id='line_1_14' title="bbox 889 2406 3737 2513; baseline 0.002 -31"><span class='ocrx_word' id='word_1_95' title='bbox 889 2406 1185 2486; x_wconf 73' lang='lat' dir='ltr'><strong>illuster</strong></span> <span class='ocrx_word' id='word_1_96' title='bbox 1238 2427 1482 2487; x_wconf 87' lang='lat' dir='ltr'><strong>rector</strong></span> <span class='ocrx_word' id='word_1_97' title='bbox 1546 2435 1702 2484; x_wconf 84' lang='lat' dir='ltr'><strong>esse</strong></span> <span class='ocrx_word' id='word_1_98' title='bbox 1753 2407 2034 2493; x_wconf 84' lang='lat' dir='ltr'><strong>videor,</strong></span> <span class='ocrx_word' id='word_1_99' title='bbox 2091 2406 2442 2484; x_wconf 82' lang='lat' dir='ltr'><strong>videlicet</strong></span> <span class='ocrx_word' id='word_1_100' title='bbox 2489 2435 2626 2513; x_wconf 88' lang='lat' dir='ltr'><strong>pro</strong></span> <span class='ocrx_word' id='word_1_101' title='bbox 2666 2406 3005 2484; x_wconf 89' lang='lat' dir='ltr'><strong>remedio</strong></span> <span class='ocrx_word' id='word_1_102' title='bbox 3052 2409 3316 2509; x_wconf 83' lang='lat' dir='ltr'><strong>animae</strong></span> <span class='ocrx_word' id='word_1_103' title='bbox 3366 2437 3551 2486; x_wconf 83' lang='lat' dir='ltr'><strong>meae</strong></span> <span class='ocrx_word' id='word_1_104' title='bbox 3590 2411 3737 2491; x_wconf 83' lang='lat' dir='ltr'><strong>sive</strong></span> 
     </span>
     <span class='ocr_line' id='line_1_15' title="bbox 891 2536 3741 2647; baseline 0.002 -34"><span class='ocrx_word' id='word_1_105' title='bbox 891 2538 1176 2614; x_wconf 88' lang='lat' dir='ltr'><strong>domini</strong></span> <span class='ocrx_word' id='word_1_106' title='bbox 1215 2537 1506 2616; x_wconf 82' lang='lat' dir='ltr'><strong>Radulfi</strong></span> <span class='ocrx_word' id='word_1_107' title='bbox 1544 2536 1932 2643; x_wconf 76' lang='lat' dir='ltr'><strong>patruelis²</strong></span> <span class='ocrx_word' id='word_1_108' title='bbox 1969 2539 2152 2627; x_wconf 81' lang='lat' dir='ltr'><strong>mei,</strong></span> <span class='ocrx_word' id='word_1_109' title='bbox 2186 2538 2315 2644; x_wconf 87' lang='lat' dir='ltr'><strong>qui</strong></span> <span class='ocrx_word' id='word_1_110' title='bbox 2347 2538 2538 2644; x_wconf 86' lang='lat' dir='ltr'><strong>ipsas</strong></span> <span class='ocrx_word' id='word_1_111' title='bbox 2573 2566 2691 2614; x_wconf 87' lang='lat' dir='ltr'><strong>res</strong></span> <span class='ocrx_word' id='word_1_112' title='bbox 2726 2538 2925 2615; x_wconf 40' lang='lat' dir='ltr'><strong>mihi.</strong></span> <span class='ocrx_word' id='word_1_113' title='bbox 2943 2538 3418 2629; x_wconf 82' lang='lat' dir='ltr'><strong>condonavit,</strong></span> <span class='ocrx_word' id='word_1_114' title='bbox 3452 2556 3537 2617; x_wconf 92' lang='lat' dir='ltr'><strong>ut</strong></span> <span class='ocrx_word' id='word_1_115' title='bbox 3574 2559 3741 2647; x_wconf 84' lang='lat' dir='ltr'><strong>post</strong></span> 
     </span>
     <span class='ocr_line' id='line_1_16' title="bbox 892 2666 3732 2776; baseline 0.002 -33"><span class='ocrx_word' id='word_1_116' title='bbox 892 2695 1266 2746; x_wconf 78' lang='lat' dir='ltr'><strong>excessum</strong></span> <span class='ocrx_word' id='word_1_117' title='bbox 1296 2671 1554 2746; x_wconf 81' lang='lat' dir='ltr'><strong>animae</strong></span> <span class='ocrx_word' id='word_1_118' title='bbox 1576 2696 1760 2744; x_wconf 86' lang='lat' dir='ltr'><strong>meae</strong></span> <span class='ocrx_word' id='word_1_119' title='bbox 1787 2684 1951 2744; x_wconf 87' lang='lat' dir='ltr'><strong>ante</strong></span> <span class='ocrx_word' id='word_1_120' title='bbox 1978 2667 2306 2745; x_wconf 84' lang='lat' dir='ltr'><strong>tribunal</strong></span> <span class='ocrx_word' id='word_1_121' title='bbox 2346 2666 2619 2746; x_wconf 84' lang='lat' dir='ltr'><strong>Christi</strong></span> <span class='ocrx_word' id='word_1_122' title='bbox 2647 2669 2930 2747; x_wconf 87' lang='lat' dir='ltr'><strong>veniam</strong></span> <span class='ocrx_word' id='word_1_123' title='bbox 2967 2696 3387 2749; x_wconf 86' lang='lat' dir='ltr'><strong>mereamur</strong></span> <span class='ocrx_word' id='word_1_124' title='bbox 3407 2671 3732 2776; x_wconf 83' lang='lat' dir='ltr'><strong>adipisci.</strong></span> 
     </span>
     <span class='ocr_line' id='line_1_17' title="bbox 890 2799 3739 2909; baseline 0.002 -36"><span class='ocrx_word' id='word_1_125' title='bbox 890 2799 982 2874; x_wconf 92' lang='lat' dir='ltr'><strong>Et</strong></span> <span class='ocrx_word' id='word_1_126' title='bbox 1035 2818 1210 2877; x_wconf 87' lang='lat' dir='ltr'><strong>sunt</strong></span> <span class='ocrx_word' id='word_1_127' title='bbox 1265 2801 1440 2908; x_wconf 85' lang='lat' dir='ltr'><strong>ipsae</strong></span> <span class='ocrx_word' id='word_1_128' title='bbox 1487 2827 1606 2875; x_wconf 84' lang='lat' dir='ltr'><strong>res</strong></span> <span class='ocrx_word' id='word_1_129' title='bbox 1656 2799 1954 2876; x_wconf 84' lang='lat' dir='ltr'><strong>consitae</strong></span> <span class='ocrx_word' id='word_1_130' title='bbox 2012 2800 2088 2875; x_wconf 87' lang='lat' dir='ltr'><strong>in</strong></span> <span class='ocrx_word' id='word_1_131' title='bbox 2150 2800 2416 2877; x_wconf 87' lang='lat' dir='ltr'><strong>vicaria</strong></span> <span class='ocrx_word' id='word_1_132' title='bbox 2474 2800 2851 2889; x_wconf 84' lang='lat' dir='ltr'><strong>Exitense‚</strong></span> <span class='ocrx_word' id='word_1_133' title='bbox 2911 2801 2986 2875; x_wconf 90' lang='lat' dir='ltr'><strong>in</strong></span> <span class='ocrx_word' id='word_1_134' title='bbox 3032 2799 3203 2877; x_wconf 87' lang='lat' dir='ltr'><strong>villa</strong></span> <span class='ocrx_word' id='word_1_135' title='bbox 3255 2830 3420 2909; x_wconf 80' lang='lat' dir='ltr'><strong>quae</strong></span> <span class='ocrx_word' id='word_1_136' title='bbox 3466 2800 3739 2878; x_wconf 87' lang='lat' dir='ltr'><strong>dicitur</strong></span> 
     </span>
     <span class='ocr_line' id='line_1_18' title="bbox 889 2930 3732 3038; baseline -0 -32"><span class='ocrx_word' id='word_1_137' title='bbox 889 2931 1191 3007; x_wconf 83' lang='lat' dir='ltr'><strong>Filinias</strong></span> <span class='ocrx_word' id='word_1_138' title='bbox 1235 2961 1251 3004; x_wconf 77' lang='lat' dir='ltr'><strong>t</strong></span> <span class='ocrx_word' id='word_1_139' title='bbox 1294 2930 1439 3009; x_wconf 91' lang='lat' dir='ltr'><strong>hoc</strong></span> <span class='ocrx_word' id='word_1_140' title='bbox 1487 2947 1596 3007; x_wconf 86' lang='lat' dir='ltr'><strong>est</strong></span> <span class='ocrx_word' id='word_1_141' title='bbox 1643 2930 2029 3008; x_wconf 89' lang='lat' dir='ltr'><strong>ecclesiam</strong></span> <span class='ocrx_word' id='word_1_142' title='bbox 2067 2961 2230 3038; x_wconf 83' lang='lat' dir='ltr'><strong>quae</strong></span> <span class='ocrx_word' id='word_1_143' title='bbox 2277 2949 2387 3008; x_wconf 84' lang='lat' dir='ltr'><strong>est</strong></span> <span class='ocrx_word' id='word_1_144' title='bbox 2431 2930 2735 3007; x_wconf 86' lang='lat' dir='ltr'><strong>fundata</strong></span> <span class='ocrx_word' id='word_1_145' title='bbox 2778 2931 2852 3007; x_wconf 91' lang='lat' dir='ltr'><strong>in</strong></span> <span class='ocrx_word' id='word_1_146' title='bbox 2889 2931 3259 3009; x_wconf 89' lang='lat' dir='ltr'><strong>honorem</strong></span> <span class='ocrx_word' id='word_1_147' title='bbox 3294 2948 3556 3028; x_wconf 84' lang='lat' dir='ltr'><strong>sanctae</strong></span> <span class='ocrx_word' id='word_1_148' title='bbox 3594 2932 3732 3008; x_wconf 88' lang='lat' dir='ltr'><strong>Dei</strong></span> 
     </span>
     <span class='ocr_line' id='line_1_19' title="bbox 884 3061 3733 3170; baseline 0 -33"><span class='ocrx_word' id='word_1_149' title='bbox 884 3062 1258 3170; x_wconf 79' lang='lat' dir='ltr'><strong>genitricis</strong></span> <span class='ocrx_word' id='word_1_150' title='bbox 1318 3063 1596 3151; x_wconf 79' lang='lat' dir='ltr'><strong>Mariae,</strong></span> <span class='ocrx_word' id='word_1_151' title='bbox 1644 3091 1815 3138; x_wconf 89' lang='lat' dir='ltr'><strong>cum</strong></span> <span class='ocrx_word' id='word_1_152' title='bbox 1855 3062 2203 3140; x_wconf 88' lang='lat' dir='ltr'><strong>omnibus</strong></span> <span class='ocrx_word' id='word_1_153' title='bbox 2244 3062 2340 3139; x_wconf 88' lang='lat' dir='ltr'><strong>ad</strong></span> <span class='ocrx_word' id='word_1_154' title='bbox 2384 3091 2461 3138; x_wconf 91' lang='lat' dir='ltr'><strong>se</strong></span> <span class='ocrx_word' id='word_1_155' title='bbox 2504 3062 3089 3169; x_wconf 84' lang='lat' dir='ltr'><strong>pertinentibus,</strong></span> <span class='ocrx_word' id='word_1_156' title='bbox 3135 3079 3210 3138; x_wconf 84' lang='lat' dir='ltr'><strong>et</strong></span> <span class='ocrx_word' id='word_1_157' title='bbox 3247 3064 3323 3137; x_wconf 91' lang='lat' dir='ltr'><strong>in</strong></span> <span class='ocrx_word' id='word_1_158' title='bbox 3362 3063 3518 3167; x_wconf 87' lang='lat' dir='ltr'><strong>ipsa</strong></span> <span class='ocrx_word' id='word_1_159' title='bbox 3564 3061 3733 3137; x_wconf 85' lang='lat' dir='ltr'><strong>villa</strong></span> 
     </span>
     <span class='ocr_line' id='line_1_20' title="bbox 885 3190 3732 3300; baseline 0 -33"><span class='ocrx_word' id='word_1_160' title='bbox 885 3221 1177 3271; x_wconf 87' lang='lat' dir='ltr'><strong>mansos</strong></span> <span class='ocrx_word' id='word_1_161' title='bbox 1221 3220 1352 3282; x_wconf 81' lang='lat' dir='ltr'><strong>vn,</strong></span> <span class='ocrx_word' id='word_1_162' title='bbox 1394 3222 1565 3271; x_wconf 88' lang='lat' dir='ltr'><strong>cum</strong></span> <span class='ocrx_word' id='word_1_163' title='bbox 1615 3219 1686 3270; x_wconf 77' lang='lat' dir='ltr'><strong>vl</strong></span> <span class='ocrx_word' id='word_1_164' title='bbox 1733 3191 2224 3299; x_wconf 82' lang='lat' dir='ltr'><strong>appendiciis;</strong></span> <span class='ocrx_word' id='word_1_165' title='bbox 2267 3209 2956 3300; x_wconf 86' lang='lat' dir='ltr'><strong>quantumcumque</strong></span> <span class='ocrx_word' id='word_1_166' title='bbox 3006 3220 3142 3298; x_wconf 86' lang='lat' dir='ltr'><strong>ego</strong></span> <span class='ocrx_word' id='word_1_167' title='bbox 3197 3194 3354 3299; x_wconf 91' lang='lat' dir='ltr'><strong>ipse</strong></span> <span class='ocrx_word' id='word_1_168' title='bbox 3395 3190 3495 3268; x_wconf 92' lang='lat' dir='ltr'><strong>ibi</strong></span> <span class='ocrx_word' id='word_1_169' title='bbox 3537 3193 3732 3268; x_wconf 87' lang='lat' dir='ltr'><strong>visus</strong></span> 
     </span>
     <span class='ocr_line' id='line_1_21' title="bbox 885 3321 3731 3430; baseline 0 -34"><span class='ocrx_word' id='word_1_170' title='bbox 885 3351 1052 3397; x_wconf 91' lang='lat' dir='ltr'><strong>sum</strong></span> <span class='ocrx_word' id='word_1_171' title='bbox 1094 3321 1369 3400; x_wconf 88' lang='lat' dir='ltr'><strong>habere</strong></span> <span class='ocrx_word' id='word_1_172' title='bbox 1408 3324 1522 3399; x_wconf 86' lang='lat' dir='ltr'><strong>vel</strong></span> <span class='ocrx_word' id='word_1_173' title='bbox 1551 3323 1967 3429; x_wconf 85' lang='lat' dir='ltr'><strong>possidere,</strong></span> <span class='ocrx_word' id='word_1_174' title='bbox 2010 3340 2086 3399; x_wconf 91' lang='lat' dir='ltr'><strong>et</strong></span> <span class='ocrx_word' id='word_1_175' title='bbox 2123 3340 2489 3430; x_wconf 86' lang='lat' dir='ltr'><strong>quantum</strong></span> <span class='ocrx_word' id='word_1_176' title='bbox 2545 3323 2640 3399; x_wconf 91' lang='lat' dir='ltr'><strong>ad</strong></span> <span class='ocrx_word' id='word_1_177' title='bbox 2685 3324 2885 3430; x_wconf 86' lang='lat' dir='ltr'><strong>ipsos</strong></span> <span class='ocrx_word' id='word_1_178' title='bbox 2934 3324 3191 3430; x_wconf 83' lang='lat' dir='ltr'><strong>aspicit</strong></span> <span class='ocrx_word' id='word_1_179' title='bbox 3237 3322 3352 3400; x_wconf 83' lang='lat' dir='ltr'><strong>vel</strong></span> <span class='ocrx_word' id='word_1_180' title='bbox 3406 3322 3731 3427; x_wconf 86' lang='lat' dir='ltr'><strong>aspicere</strong></span> 
     </span>
     <span class='ocr_line' id='line_1_22' title="bbox 883 3452 3731 3562; baseline 0.002 -36"><span class='ocrx_word' id='word_1_181' title='bbox 883 3452 1194 3540; x_wconf 83' lang='lat' dir='ltr'><strong>videtur,</strong></span> <span class='ocrx_word' id='word_1_182' title='bbox 1259 3469 1503 3530; x_wconf 86' lang='lat' dir='ltr'><strong>totum</strong></span> <span class='ocrx_word' id='word_1_183' title='bbox 1561 3470 1637 3529; x_wconf 89' lang='lat' dir='ltr'><strong>et</strong></span> <span class='ocrx_word' id='word_1_184' title='bbox 1684 3454 1776 3529; x_wconf 90' lang='lat' dir='ltr'><strong>ad</strong></span> <span class='ocrx_word' id='word_1_185' title='bbox 1819 3454 2229 3562; x_wconf 84' lang='lat' dir='ltr'><strong>integrum,</strong></span> <span class='ocrx_word' id='word_1_186' title='bbox 2282 3456 2444 3533; x_wconf 93' lang='lat' dir='ltr'><strong>Deo</strong></span> <span class='ocrx_word' id='word_1_187' title='bbox 2494 3453 2831 3535; x_wconf 80' lang='lat' dir='ltr'><strong>salvatori</strong></span> <span class='ocrx_word' id='word_1_188' title='bbox 2872 3454 3211 3531; x_wconf 90' lang='lat' dir='ltr'><strong>omnium</strong></span> <span class='ocrx_word' id='word_1_189' title='bbox 3265 3470 3339 3529; x_wconf 90' lang='lat' dir='ltr'><strong>et</strong></span> <span class='ocrx_word' id='word_1_190' title='bbox 3388 3453 3462 3531; x_wconf 89' lang='lat' dir='ltr'><strong>S.</strong></span> <span class='ocrx_word' id='word_1_191' title='bbox 3514 3453 3731 3531; x_wconf 89' lang='lat' dir='ltr'><strong>Petro</strong></span> 
     </span>
     <span class='ocr_line' id='line_1_23' title="bbox 885 3583 3731 3691; baseline -0.001 -30"><span class='ocrx_word' id='word_1_192' title='bbox 885 3583 1154 3672; x_wconf 83' lang='lat' dir='ltr'><strong>offero,</strong></span> <span class='ocrx_word' id='word_1_193' title='bbox 1188 3585 1263 3659; x_wconf 88' lang='lat' dir='ltr'><strong>in</strong></span> <span class='ocrx_word' id='word_1_194' title='bbox 1283 3583 1671 3690; x_wconf 85' lang='lat' dir='ltr'><strong>stipendiis</strong></span> <span class='ocrx_word' id='word_1_195' title='bbox 1704 3601 1780 3661; x_wconf 88' lang='lat' dir='ltr'><strong>et</strong></span> <span class='ocrx_word' id='word_1_196' title='bbox 1809 3585 2071 3663; x_wconf 84' lang='lat' dir='ltr'><strong>usibus</strong></span> <span class='ocrx_word' id='word_1_197' title='bbox 2111 3585 2685 3675; x_wconf 87' lang='lat' dir='ltr'><strong>monachorum,</strong></span> <span class='ocrx_word' id='word_1_198' title='bbox 2729 3600 2815 3663; x_wconf 89' lang='lat' dir='ltr'><strong>ut</strong></span> <span class='ocrx_word' id='word_1_199' title='bbox 2841 3604 3012 3691; x_wconf 85' lang='lat' dir='ltr'><strong>post</strong></span> <span class='ocrx_word' id='word_1_200' title='bbox 3041 3586 3447 3662; x_wconf 86' lang='lat' dir='ltr'><strong>discessum</strong></span> <span class='ocrx_word' id='word_1_201' title='bbox 3479 3611 3731 3662; x_wconf 89' lang='lat' dir='ltr'><strong>meum</strong></span> 
     </span>
     <span class='ocr_line' id='line_1_24' title="bbox 885 3713 3730 3823; baseline 0 -33"><span class='ocrx_word' id='word_1_202' title='bbox 885 3715 977 3791; x_wconf 90' lang='lat' dir='ltr'><strong>ab</strong></span> <span class='ocrx_word' id='word_1_203' title='bbox 1015 3713 1160 3791; x_wconf 91' lang='lat' dir='ltr'><strong>hoc</strong></span> <span class='ocrx_word' id='word_1_204' title='bbox 1208 3714 1508 3804; x_wconf 85' lang='lat' dir='ltr'><strong>saeculo,</strong></span> <span class='ocrx_word' id='word_1_205' title='bbox 1559 3716 1752 3821; x_wconf 87' lang='lat' dir='ltr'><strong>ipsas</strong></span> <span class='ocrx_word' id='word_1_206' title='bbox 1791 3745 1910 3793; x_wconf 89' lang='lat' dir='ltr'><strong>res</strong></span> <span class='ocrx_word' id='word_1_207' title='bbox 1943 3717 2018 3793; x_wconf 92' lang='lat' dir='ltr'><strong>in</strong></span> <span class='ocrx_word' id='word_1_208' title='bbox 2058 3746 2266 3796; x_wconf 88' lang='lat' dir='ltr'><strong>suam</strong></span> <span class='ocrx_word' id='word_1_209' title='bbox 2309 3733 2636 3795; x_wconf 88' lang='lat' dir='ltr'><strong>rectores</strong></span> <span class='ocrx_word' id='word_1_210' title='bbox 2684 3717 2918 3823; x_wconf 88' lang='lat' dir='ltr'><strong>ipsius</strong></span> <span class='ocrx_word' id='word_1_211' title='bbox 2952 3715 3131 3805; x_wconf 84' lang='lat' dir='ltr'><strong>loci,</strong></span> <span class='ocrx_word' id='word_1_212' title='bbox 3177 3716 3459 3821; x_wconf 86' lang='lat' dir='ltr'><strong>absque</strong></span> <span class='ocrx_word' id='word_1_213' title='bbox 3506 3714 3730 3792; x_wconf 87' lang='lat' dir='ltr'><strong>ullius</strong></span> 
     </span>
     <span class='ocr_line' id='line_1_25' title="bbox 886 3843 3728 3951; baseline -0 -31"><span class='ocrx_word' id='word_1_214' title='bbox 886 3845 1209 3922; x_wconf 87' lang='lat' dir='ltr'><strong>hominis</strong></span> <span class='ocrx_word' id='word_1_215' title='bbox 1248 3845 1854 3934; x_wconf 84' lang='lat' dir='ltr'><strong>contradictione,</strong></span> <span class='ocrx_word' id='word_1_216' title='bbox 1901 3847 2293 3925; x_wconf 86' lang='lat' dir='ltr'><strong>obtineant</strong></span> <span class='ocrx_word' id='word_1_217' title='bbox 2323 3847 2939 3925; x_wconf 87' lang='lat' dir='ltr'><strong>dominationem.</strong></span> <span class='ocrx_word' id='word_1_218' title='bbox 2967 3847 3059 3923; x_wconf 93' lang='lat' dir='ltr'><strong>Et</strong></span> <span class='ocrx_word' id='word_1_219' title='bbox 3088 3846 3166 3922; x_wconf 91' lang='lat' dir='ltr'><strong>in</strong></span> <span class='ocrx_word' id='word_1_220' title='bbox 3209 3845 3348 3922; x_wconf 84' lang='lat' dir='ltr'><strong>alia</strong></span> <span class='ocrx_word' id='word_1_221' title='bbox 3377 3843 3546 3922; x_wconf 83' lang='lat' dir='ltr'><strong>villa</strong></span> <span class='ocrx_word' id='word_1_222' title='bbox 3565 3874 3728 3951; x_wconf 84' lang='lat' dir='ltr'><strong>quae</strong></span> 
     </span>
     <span class='ocr_line' id='line_1_26' title="bbox 884 3972 3731 4085; baseline -0.001 -34"><span class='ocrx_word' id='word_1_223' title='bbox 884 3975 1155 4052; x_wconf 87' lang='lat' dir='ltr'><strong>dicitur</strong></span> <span class='ocrx_word' id='word_1_224' title='bbox 1193 3975 1707 4065; x_wconf 79' lang='lat' dir='ltr'><strong>columbario,</strong></span> <span class='ocrx_word' id='word_1_225' title='bbox 1759 4006 1923 4083; x_wconf 80' lang='lat' dir='ltr'><strong>quae</strong></span> <span class='ocrx_word' id='word_1_226' title='bbox 1974 3994 2089 4055; x_wconf 87' lang='lat' dir='ltr'><strong>est</strong></span> <span class='ocrx_word' id='word_1_227' title='bbox 2130 3979 2206 4054; x_wconf 89' lang='lat' dir='ltr'><strong>in</strong></span> <span class='ocrx_word' id='word_1_228' title='bbox 2255 4006 2446 4085; x_wconf 86' lang='lat' dir='ltr'><strong>pago</strong></span> <span class='ocrx_word' id='word_1_229' title='bbox 2484 3979 2917 4067; x_wconf 90' lang='lat' dir='ltr'><strong>Caturcino,</strong></span> <span class='ocrx_word' id='word_1_230' title='bbox 2971 3978 3050 4055; x_wconf 90' lang='lat' dir='ltr'><strong>in</strong></span> <span class='ocrx_word' id='word_1_231' title='bbox 3099 3977 3402 4053; x_wconf 82' lang='lat' dir='ltr'><strong>vicaria³</strong></span> <span class='ocrx_word' id='word_1_232' title='bbox 3451 3972 3731 4053; x_wconf 85' lang='lat' dir='ltr'><strong>Caslia·</strong></span> 
     </span>
    </p>
   </div>
   <div class='ocr_carea' id='block_1_7' title="bbox 883 4107 3729 4216">
    <p class='ocr_par' dir='ltr' id='par_1_7' title="bbox 883 4107 3729 4216">
     <span class='ocr_line' id='line_1_27' title="bbox 883 4107 3729 4216; baseline -0.001 -30"><span class='ocrx_word' id='word_1_233' title='bbox 883 4138 1130 4201; x_wconf 79' lang='lat' dir='ltr'><strong>oense,</strong></span> <span class='ocrx_word' id='word_1_234' title='bbox 1175 4136 1471 4186; x_wconf 84' lang='lat' dir='ltr'><strong>mansos</strong></span> <span class='ocrx_word' id='word_1_235' title='bbox 1510 4110 1710 4216; x_wconf 75' lang='lat' dir='ltr'><strong>ipsos</strong></span> <span class='ocrx_word' id='word_1_236' title='bbox 1749 4137 1937 4215; x_wconf 81' lang='lat' dir='ltr'><strong>quos</strong></span> <span class='ocrx_word' id='word_1_237' title='bbox 1978 4108 2079 4186; x_wconf 91' lang='lat' dir='ltr'><strong>ibi</strong></span> <span class='ocrx_word' id='word_1_238' title='bbox 2130 4110 2327 4188; x_wconf 89' lang='lat' dir='ltr'><strong>visus</strong></span> <span class='ocrx_word' id='word_1_239' title='bbox 2368 4138 2531 4188; x_wconf 89' lang='lat' dir='ltr'><strong>sum</strong></span> <span class='ocrx_word' id='word_1_240' title='bbox 2582 4109 2896 4198; x_wconf 81' lang='lat' dir='ltr'><strong>habere,</strong></span> <span class='ocrx_word' id='word_1_241' title='bbox 2943 4127 3016 4186; x_wconf 90' lang='lat' dir='ltr'><strong>et</strong></span> <span class='ocrx_word' id='word_1_242' title='bbox 3044 4126 3408 4215; x_wconf 87' lang='lat' dir='ltr'><strong>quantum</strong></span> <span class='ocrx_word' id='word_1_243' title='bbox 3449 4108 3526 4182; x_wconf 90' lang='lat' dir='ltr'><strong>in</strong></span> <span class='ocrx_word' id='word_1_244' title='bbox 3568 4107 3729 4212; x_wconf 86' lang='lat' dir='ltr'><strong>ipsa</strong></span> 
     </span>
    </p>
   </div>
   <div class='ocr_carea' id='block_1_8' title="bbox 882 4235 3722 4346">
    <p class='ocr_par' dir='ltr' id='par_1_8' title="bbox 882 4235 3722 4346">
     <span class='ocr_line' id='line_1_28' title="bbox 882 4235 3722 4346; baseline -0.001 -32"><span class='ocrx_word' id='word_1_245' title='bbox 882 4238 1046 4318; x_wconf 84' lang='lat' dir='ltr'><strong>villa</strong></span> <span class='ocrx_word' id='word_1_246' title='bbox 1085 4239 1329 4316; x_wconf 88' lang='lat' dir='ltr'><strong>habeo</strong></span> <span class='ocrx_word' id='word_1_247' title='bbox 1363 4235 1479 4316; x_wconf 82' lang='lat' dir='ltr'><strong>vel</strong></span> <span class='ocrx_word' id='word_1_248' title='bbox 1513 4238 1896 4344; x_wconf 83' lang='lat' dir='ltr'><strong>possideo,</strong></span> <span class='ocrx_word' id='word_1_249' title='bbox 1939 4240 2436 4346; x_wconf 89' lang='lat' dir='ltr'><strong>omnipotenti</strong></span> <span class='ocrx_word' id='word_1_250' title='bbox 2466 4242 2660 4327; x_wconf 83' lang='lat' dir='ltr'><strong>Deo,</strong></span> <span class='ocrx_word' id='word_1_251' title='bbox 2707 4241 2897 4318; x_wconf 91' lang='lat' dir='ltr'><strong>sicut</strong></span> <span class='ocrx_word' id='word_1_252' title='bbox 2929 4238 3271 4345; x_wconf 84' lang='lat' dir='ltr'><strong>superius</strong></span> <span class='ocrx_word' id='word_1_253' title='bbox 3296 4237 3550 4315; x_wconf 87' lang='lat' dir='ltr'><strong>datum</strong></span> <span class='ocrx_word' id='word_1_254' title='bbox 3584 4254 3722 4325; x_wconf 82' lang='lat' dir='ltr'><strong>est,</strong></span> 
     </span>
    </p>
   </div>
   <div class='ocr_carea' id='block_1_9' title="bbox 971 4504 3728 4594">
    <p class='ocr_par' dir='ltr' id='par_1_9' title="bbox 971 4504 3728 4594">
     <span class='ocr_line' id='line_1_29' title="bbox 971 4504 3728 4594; baseline -0.001 -27"><span class='ocrx_word' id='word_1_255' title='bbox 971 4506 984 4534; x_wconf 88' lang='lat'>¹</span> <span class='ocrx_word' id='word_1_256' title='bbox 1034 4506 1196 4567; x_wconf 84' lang='lat' dir='ltr'><strong>Hanc</strong></span> <span class='ocrx_word' id='word_1_257' title='bbox 1226 4506 1485 4578; x_wconf 81' lang='lat' dir='ltr'><strong>chartam</strong></span> <span class='ocrx_word' id='word_1_258' title='bbox 1512 4507 1691 4568; x_wconf 82' lang='lat' dir='ltr'><strong>habes</strong></span> <span class='ocrx_word' id='word_1_259' title='bbox 1716 4507 2101 4594; x_wconf 80' lang='lat' dir='ltr'><strong>editamapud</strong></span> <span class='ocrx_word' id='word_1_260' title='bbox 2124 4509 2227 4570; x_wconf 87' lang='lat' dir='ltr'><strong>Ba·</strong></span> <span class='ocrx_word' id='word_1_261' title='bbox 2376 4509 2535 4571; x_wconf 88' lang='lat' dir='ltr'><strong>idem</strong></span> <span class='ocrx_word' id='word_1_262' title='bbox 2560 4521 2649 4570; x_wconf 77' lang='lat' dir='ltr'><strong>eat</strong></span> <span class='ocrx_word' id='word_1_263' title='bbox 2680 4508 2964 4570; x_wconf 77' lang='lat' dir='ltr'><strong>Rodulfus</strong></span> <span class='ocrx_word' id='word_1_264' title='bbox 2993 4510 3096 4592; x_wconf 85' lang='lat' dir='ltr'><strong>qui</strong></span> <span class='ocrx_word' id='word_1_265' title='bbox 3127 4506 3525 4570; x_wconf 78' lang='lat' dir='ltr'><strong>Bellilocensis</strong></span> <span class='ocrx_word' id='word_1_266' title='bbox 3550 4504 3728 4566; x_wconf 73' lang='lat' dir='ltr'><strong>abbas</strong></span> 
     </span>
    </p>
   </div>
   <div class='ocr_carea' id='block_1_10' title="bbox 877 4607 3729 4901">
    <p class='ocr_par' dir='ltr' id='par_1_10' title="bbox 877 4607 3729 4901">
     <span class='ocr_line' id='line_1_30' title="bbox 881 4607 3729 4696; baseline 0 -27"><span class='ocrx_word' id='word_1_267' title='bbox 881 4609 1095 4669; x_wconf 85' lang='lat' dir='ltr'><strong>luzium</strong></span> <span class='ocrx_word' id='word_1_268' title='bbox 1127 4608 1275 4670; x_wconf 76' lang='lat' dir='ltr'><strong>Hist.</strong></span> <span class='ocrx_word' id='word_1_269' title='bbox 1314 4610 1490 4671; x_wconf 78' lang='lat' dir='ltr'><strong>Tutel.</strong></span> <span class='ocrx_word' id='word_1_270' title='bbox 1522 4611 1631 4672; x_wconf 88' lang='lat' dir='ltr'><strong>col.</strong></span> <span class='ocrx_word' id='word_1_271' title='bbox 1660 4612 1801 4673; x_wconf 79' lang='lat'><strong>323.</strong></span> <span class='ocrx_word' id='word_1_272' title='bbox 2377 4612 2614 4674; x_wconf 80' lang='lat' dir='ltr'><strong>sortasse</strong></span> <span class='ocrx_word' id='word_1_273' title='bbox 2672 4612 2860 4673; x_wconf 83' lang='lat' dir='ltr'><strong>suerat</strong></span> <span class='ocrx_word' id='word_1_274' title='bbox 2910 4613 2985 4674; x_wconf 83' lang='lat' dir='ltr'><strong>ab</strong></span> <span class='ocrx_word' id='word_1_275' title='bbox 3033 4633 3187 4672; x_wconf 86' lang='lat' dir='ltr'><strong>anno</strong></span> <span class='ocrx_word' id='word_1_276' title='bbox 3242 4611 3363 4696; x_wconf 80' lang='lat'><strong>903</strong></span> <span class='ocrx_word' id='word_1_277' title='bbox 3415 4628 3602 4694; x_wconf 83' lang='lat' dir='ltr'><strong>usque</strong></span> <span class='ocrx_word' id='word_1_278' title='bbox 3653 4607 3729 4669; x_wconf 85' lang='lat' dir='ltr'><strong>ad</strong></span> 
     </span>
     <span class='ocr_line' id='line_1_31' title="bbox 965 4711 2771 4799; baseline 0.002 -28"><span class='ocrx_word' id='word_1_279' title='bbox 965 4711 984 4740; x_wconf 82' lang='lat'>²</span> <span class='ocrx_word' id='word_1_280' title='bbox 1030 4711 1309 4773; x_wconf 72' lang='lat' dir='ltr'><strong>Patr-nelis</strong></span> <span class='ocrx_word' id='word_1_281' title='bbox 1332 4713 1496 4774; x_wconf 83' lang='lat' dir='ltr'><strong>deest</strong></span> <span class='ocrx_word' id='word_1_282' title='bbox 1528 4713 1641 4776; x_wconf 87' lang='lat' dir='ltr'><strong>SG.</strong></span> <span class='ocrx_word' id='word_1_283' title='bbox 1680 4715 1790 4775; x_wconf 89' lang='lat' dir='ltr'><strong>Hic</strong></span> <span class='ocrx_word' id='word_1_284' title='bbox 1821 4713 2108 4776; x_wconf 79' lang='lat' dir='ltr'><strong>Rodulfus</strong></span> <span class='ocrx_word' id='word_1_285' title='bbox 2134 4715 2229 4774; x_wconf 90' lang='lat' dir='ltr'><strong>de·</strong></span> <span class='ocrx_word' id='word_1_286' title='bbox 2379 4736 2602 4776; x_wconf 85' lang='lat' dir='ltr'><strong>annum</strong></span> <span class='ocrx_word' id='word_1_287' title='bbox 2628 4714 2771 4799; x_wconf 77' lang='lat'><strong>926.</strong></span> 
     </span>
     <span class='ocr_line' id='line_1_32' title="bbox 877 4813 3729 4901; baseline -0 -27"><span class='ocrx_word' id='word_1_288' title='bbox 877 4814 1129 4883; x_wconf 81' lang='lat' dir='ltr'><strong>functus.</strong></span> <span class='ocrx_word' id='word_1_289' title='bbox 1150 4815 1315 4899; x_wconf 76' lang='lat' dir='ltr'><strong>cujus</strong></span> <span class='ocrx_word' id='word_1_290' title='bbox 1335 4816 1630 4878; x_wconf 78' lang='lat' dir='ltr'><strong>Johannes</strong></span> <span class='ocrx_word' id='word_1_291' title='bbox 1651 4817 1827 4879; x_wconf 80' lang='lat' dir='ltr'><strong>abbas</strong></span> <span class='ocrx_word' id='word_1_292' title='bbox 1853 4816 2067 4878; x_wconf 80' lang='lat' dir='ltr'><strong>filiolus</strong></span> <span class='ocrx_word' id='word_1_293' title='bbox 2088 4829 2229 4887; x_wconf 80' lang='lat' dir='ltr'><strong>erat,</strong></span> <span class='ocrx_word' id='word_1_294' title='bbox 2464 4817 2484 4847; x_wconf 83' lang='lat'><strong>³</strong></span> <span class='ocrx_word' id='word_1_295' title='bbox 2509 4816 2604 4879; x_wconf 89' lang='lat' dir='ltr'><strong>Sic</strong></span> <span class='ocrx_word' id='word_1_296' title='bbox 2628 4816 2751 4879; x_wconf 84' lang='lat' dir='ltr'><strong>Bal.</strong></span> <span class='ocrx_word' id='word_1_297' title='bbox 2778 4818 2838 4879; x_wconf 90' lang='lat' dir='ltr'><em>N</em></span> <span class='ocrx_word' id='word_1_298' title='bbox 2839 4831 3113 4899; x_wconf 75' lang='grc' dir='ltr'><strong>αησιῳαια</strong></span> <span class='ocrx_word' id='word_1_299' title='bbox 3141 4818 3326 4901; x_wconf 83' lang='lat' dir='ltr'><strong>proin</strong></span> <span class='ocrx_word' id='word_1_300' title='bbox 3350 4815 3555 4876; x_wconf 78' lang='lat' dir='ltr'><strong>vicaria</strong></span> <span class='ocrx_word' id='word_1_301' title='bbox 3578 4813 3642 4874; x_wconf 90' lang='lat' dir='ltr'><strong>B.</strong></span> <span class='ocrx_word' id='word_1_302' title='bbox 3669 4826 3729 4874; x_wconf 85' lang='lat' dir='ltr'><strong>et</strong></span> 
     </span>
    </p>
   </div>
   <div class='ocr_carea' id='block_1_11' title="bbox 883 4919 2491 5002">
    <p class='ocr_par' dir='ltr' id='par_1_11' title="bbox 883 4919 2491 5002">
     <span class='ocr_line' id='line_1_33' title="bbox 883 4919 2491 5002; baseline -0.001 -22"><span class='ocrx_word' id='word_1_303' title='bbox 883 4929 938 4980; x_wconf 86' lang='lat' dir='ltr'><strong>et</strong></span> <span class='ocrx_word' id='word_1_304' title='bbox 969 4939 1079 5002; x_wconf 86' lang='lat' dir='ltr'><strong>pro</strong></span> <span class='ocrx_word' id='word_1_305' title='bbox 1107 4919 1301 4981; x_wconf 79' lang='lat' dir='ltr'><strong>anima</strong></span> <span class='ocrx_word' id='word_1_306' title='bbox 1333 4922 1500 5002; x_wconf 73' lang='lat' dir='ltr'><strong>cnjus</strong></span> <span class='ocrx_word' id='word_1_307' title='bbox 1530 4924 1636 4983; x_wconf 80' lang='lat' dir='ltr'><strong>iste</strong></span> <span class='ocrx_word' id='word_1_308' title='bbox 1664 4921 2040 4983; x_wconf 85' lang='lat' dir='ltr'><strong>donationem</strong></span> <span class='ocrx_word' id='word_1_309' title='bbox 2065 4921 2228 4989; x_wconf 83' lang='lat' dir='ltr'><strong>fecit,</strong></span> <span class='ocrx_word' id='word_1_310' title='bbox 2378 4920 2491 4982; x_wconf 87' lang='lat' dir='ltr'><strong>SG.</strong></span> 
     </span>
    </p>
   </div>
  </div>
 </body>
</html>
