4442 5769
765 2114 853 2177 'f

652 2179 765 2364 ,Ι

955 527 1046 600 [ιᾶ
1964 524 2770 600 CHARTULARIUM

950 694 1257 802 quando
1297 696 1652 785 inveniat3
1697 723 1862 773 cum
1905 695 2191 801 patim,
2237 694 2462 771 dum2
2501 721 2641 799 pro
2687 691 3048 769 libertatis
3076 692 3249 796 jure
3290 689 3655 779 subsistit,
3700 690 3794 768 de

952 824 1232 902 infimis
1273 840 1347 901 et
1384 824 1682 901 caducis
1712 823 2137 903 substantiis
2168 823 2248 899 in
2273 839 2550 900 aeterno
2578 820 3055 899 tabernaculo
3094 820 3316 897 vitam
3347 837 3573 925 queat
3609 847 3795 898 mer·

955 983 1117 1032 care
1189 972 1568 1039 aeternam,
1642 973 1716 1032 et
1782 955 1975 1032 inter
2025 954 2399 1061 justorum
2440 952 2897 1032 consortium
2955 949 3523 1029 desiderabilem
3562 949 3795 1030 valeat

954 1085 1260 1191 adipisci
1323 1085 1603 1174 locum,
1660 1101 1734 1162 et
1781 1084 2306 1162 retributorem
2357 1082 2497 1161 sibi
2546 1098 2908 1190 praeparet
2948 1081 3358 1159 Dominum
3415 1109 3497 1157 ac
3562 1081 3792 1159 totius

955 1214 1308 1292 bonitatis
1335 1214 1785 1320 largitorem.
1809 1211 2316 1307 Quamobrem
2352 1239 2491 1321 ego
2517 1212 2745 1319 igitur
2773 1211 2850 1288 in
2881 1210 3019 1289 Dei
3046 1211 3346 1286 nomine
3372 1211 3793 1290 Rottrudis³

955 1344 1293 1432 foemina,
1337 1345 1498 1421 Deo
1552 1359 1859 1430 sacrata,
1912 1342 2389 1421 considerans
2422 1342 2650 1449 hujus
2686 1339 2930 1419 saeculi
2973 1339 3469 1446 fragilitatem,
3515 1357 3589 1416 et
3626 1369 3793 1446 per·

950 1491 1263 1550 tractans
1293 1472 1874 1584 misericordiam
1907 1472 2179 1574 summi
2214 1473 2387 1562 Dei,
2443 1472 2630 1550 cedo
2671 1470 3059 1548 monachis
3094 1471 3223 1576 qui
3262 1471 3791 1548 monasterium

954 1621 1398 1680 construunt
1440 1604 1515 1678 in
1556 1601 1736 1679 orbe
1778 1603 2276 1690 Limovicino,
2320 1603 2395 1677 iu
2424 1602 2686 1678 vicaria
2717 1601 3195 1686 Asnacense4,
3233 1627 3457 1705 super
3483 1600 3788 1679 fluvium

951 1732 1380 1824 Boi-nonies,
1425 1733 1505 1809 in
1544 1730 1712 1811 loco
1758 1732 1885 1837 qui
1932 1731 2204 1808 dicitur
2243 1731 2738 1819 Beliuslocus,
2778 1731 2854 1806 in
2893 1704 3179 1808 bonore
3228 1730 3306 1808 S.
3356 1730 3553 1807 Petri
3602 1731 3791 1835 prin-

952 1863 1134 1967 cipis
1163 1861 1700 1968 apostolorum,
1744 1879 1821 1938 et
1861 1863 1936 1940 S.
1981 1862 2363 1949 Dionisii⁵,
2408 1879 2482 1937 et
2520 1862 2596 1939 S.
2640 1860 2982 1949 Martini,
3033 1876 3108 1937 et
3146 1860 3220 1937 S.
3262 1857 3678 1946 Benedicti,
3719 1879 3793 1936 et

952 1991 1027 2068 S.
1061 1992 1277 2098 Eligii
1298 2052 1315 2080 ,
1345 1991 1477 2068 ubi
1511 1992 1621 2067 vir
1650 1990 2088 2067 venerabilis
2116 1989 2471 2069 Garulfus
2501 1972 2752 2081 abbas,
2802 2017 2974 2067 cum
3004 1988 3342 2095 plurimis
3370 1988 3787 2077 monachis,

950 2121 1112 2199 Deo
1147 2121 1464 2198 militare
1492 2121 1789 2198 videtur
1811 2182 1828 2211 ,
1869 2120 2057 2198 cedo
2113 2147 2553 2226 cessumque
2596 2120 2668 2195 in
2706 2136 3151 2226 perpetuum
3186 2147 3343 2196 esse
3380 2118 3547 2196 volo
3588 2137 3663 2195 et
3696 2120 3790 2196 de

938 2252 1111 2357 jure
1153 2278 1324 2328 meo
1366 2253 1443 2327 in
1470 2251 1641 2357 jure
1674 2268 1749 2327 et
1788 2249 2296 2329 dominatione
2340 2248 2693 2356 [eorum],
2726 2277 2865 2355 pro
2900 2250 3168 2326 animae
3201 2276 3386 2325 meae
3415 2251 3789 2340 remedio,

953 2396 1026 2454 et
1072 2408 1210 2485 pro
1253 2380 1492 2456 anima
1543 2378 1922 2485 quondam
1966 2379 2101 2455 viri
2140 2380 2286 2456 mei
2330 2379 2701 2467 Rotberti,
2740 2395 2815 2456 et
2855 2406 2993 2484 pro
3037 2378 3421 2456 animabus
3463 2377 3789 2458 filiorum

952 2536 1292 2585 meorum
1344 2508 1674 2614 Drogoni
1733 2527 1807 2586 et
1867 2509 2242 2598 Rotberti‚
2294 2510 2370 2584 in
2425 2537 2565 2586 usu
2630 2507 3169 2585 monachorum
3209 2508 3567 2614 jamdicto
3625 2510 3791 2588 loco

952 2637 1509 2715 consistentium
1549 2638 1626 2714 in
1664 2638 1995 2716 venturis
2033 2638 2638 2745 generationibus
2676 2638 3078 2727 constituo,
3114 2637 3261 2715 hoc
3299 2655 3410 2715 est
3438 2638 3601 2716 villa
3627 2668 3790 2717 mea

951 2795 1115 2871 quae
1153 2783 1264 2845 est
1301 2768 1378 2843 in
1428 2795 1614 2874 pago
1653 2768 2165 2856 Lemovicino,
2218 2769 2297 2844 in
2334 2769 2597 2845 vicaria
2634 2769 3087 2856 Asnacense,
3147 2797 3312 2874 quae
3348 2768 3619 2849 dicitur
3654 2772 3794 2848 Be·

947 2894 1210 2986 liaeus,
1244 2926 1418 2975 cum
1448 2897 1753 2975 ecclesia
1793 2927 1957 3005 quae
1998 2916 2108 2977 est
2146 2899 2227 2975 in
2258 2899 2622 2977 honorem
2653 2898 2729 2976 S.
2764 2899 3093 2986 Martini,
3129 2926 3280 2976 una
3311 2928 3480 2977 cum
3520 2902 3791 2978 mansis

949 3043 1023 3101 et
1071 3026 1461 3134 mancipiis
1508 3028 1600 3105 iis
1650 3028 2087 3106 nominibus
2139 3061 2157 3105 ε
2211 3031 2693 3109 Domeranno
2744 3045 2819 3106 et
2868 3057 3095 3106 uxore
3152 3057 3283 3107 sua
3340 3046 3414 3107 et
3472 3029 3793 3128 infanoes

947 3154 1171 3244 duoS,
1204 3157 1561 3262 Magriane
1602 3172 1680 3234 et
1717 3156 2123 3234 infantibus
2152 3159 2303 3237 suis
2329 3158 2603 3248 tribus,
2640 3158 3049 3236 Bertrando
3083 3174 3160 3234 et
3192 3185 3420 3235 uxore
3458 3186 3587 3234 sua
3619 3187 3788 3235 cum

945 3283 1354 3362 infantibus
1389 3285 1725 3375 duobus»,
1755 3285 2049 3364 Unaldo
2091 3305 2166 3364 et
2200 3288 2620 3379 Unisinda⁶,
2663 3288 3180 3366 Cristalberto⁷
3224 3306 3298 3365 et
3330 3314 3582 3365 sorore
3620 3317 3786 3377 sua,

947 3414 1276 3491 Arnaldo
1341 3431 1416 3490 et
1478 3414 1699 3492 fratre
1771 3416 2184 3510 Ludovico,
2252 3419 2656 3525 Augarius⁸
2716 3435 2793 3495 et
2838 3417 3190 3506 Autildis,
3232 3417 3514 3496 ibidem
3554 3422 3791 3496 consi-

950 3559 1261 3631 stentes,
1289 3572 1460 3618 cum
1489 3544 1706 3621 terris
1733 3563 1805 3621 et
1828 3545 2096 3634 vineiS,
2121 3575 2292 3623 cum
2328 3547 2523 3624 silvis
2550 3565 2622 3624 et
2649 3548 2890 3653 aquis,
2919 3564 2990 3624 et
3019 3547 3483 3654 adjacentiis,
3517 3565 3592 3626 et
3620 3579 3787 3627 cum

947 3670 1216 3776 perviis
1235 3732 1252 3760 ,
1286 3700 1456 3747 cum
1490 3673 1907 3779 egressibus
1934 3692 2007 3752 et
2036 3675 2518 3783 regressibus,
2544 3706 2715 3754 cum
2749 3676 3018 3754 mansis
3048 3694 3122 3753 et
3145 3676 3522 3765 omnibus,
3555 3707 3789 3784 quan—

945 3818 1433 3908 tumcumque
1474 3802 1570 3878 ad
1586 3802 1741 3909 jam
1779 3803 2204 3911 praedictam
2244 3807 2493 3883 viliam
2536 3824 2610 3885 et
2639 3806 3024 3884 ecclesiam
3060 3808 3412 3912 pertinet,
3458 3825 3533 3884 et
3557 3837 3789 3913 quan·

948 3949 1439 4038 tumcumque
1470 3934 1841 4039 praedictis
1872 3933 1966 4010 ad
1991 3936 2436 4042 jamdictum
2471 3937 2722 4015 locum
2764 3938 3090 4043 pertinet
3125 3955 3252 4014 aut
3275 3937 3566 4043 aspicit,
3600 3941 3789 4016 sicut

937 4060 1093 4165 jam
1133 4059 1491 4149 diximuS‚
1535 4064 1629 4139 ad
1656 4093 1877 4141 usum
1908 4066 2379 4170 praefatorum
2425 4066 2964 4144 monachorum
2998 4065 3295 4173 publice
3320 4067 3534 4143 trado
3565 4084 3785 4173 atque

1030 4252 1050 4283 ¹
1095 4253 1298 4316 Divina
1323 4277 1425 4337 pro
1452 4256 1698 4317 liber-tato
1723 4256 1837 4319 SG.
2526 4258 2546 4288 ⁶
2595 4256 2884 4320 Gaimindi
2901 4259 2969 4321 B.
2997 4260 3046 4320 G
3055 4261 3247 4321 umsini
3270 4258 3383 4322 SG.

1030 4355 1051 4385 ³
1095 4356 1351 4417 Rotradis
1398 4357 1467 4417 B.
1501 4358 1656 4420 Uxor
1706 4358 2008 4443 quondam
2039 4360 2149 4421 fuit
2181 4361 2292 4421 Ro·
2528 4359 2547 4389 ⁷
2590 4359 2977 4424 Chr-inalbent>
3017 4363 3084 4423 B.
3117 4373 3175 4423 et
3204 4361 3316 4426 SG.
3352 4360 3456 4422 sed
3494 4363 3555 4422 in
3592 4360 3785 4421 charta

946 4457 1094 4517 betti
1112 4505 1125 4527 ,
1153 4457 1256 4518 filii
1281 4458 1514 4519 Rodulfi
1535 4461 1762 4522 comitis
1782 4461 2179 4523 Turennensis
2194 4508 2208 4531 ,
2236 4473 2293 4521 et
2443 4481 2540 4524 xx!
2572 4461 2971 4526 Cristalbertus.

945 4558 1135 4618 fratris
1158 4559 1215 4620 S.
1239 4559 1491 4619 Rodulfi.
2528 4562 2549 4594 ⁸
2593 4562 2884 4648 Augurina
2950 4578 3001 4625 et
3065 4565 3333 4628 Antildua
3391 4564 3790 4627 consistentibus

1033 4657 1051 4688 ⁴
1099 4657 1456 4721 Assenacense
1485 4661 1545 4721 C.
2442 4664 2555 4729 SG.
2588 4665 2846 4728 Antildus
2869 4667 2937 4730 Β.

1033 4759 1051 4788 ⁵
1097 4759 1287 4821 Adde:
1317 4762 1429 4824 SS.
1454 4763 1689 4835 Rustici,
1726 4766 2019 4842 Eleutetii,
2054 4766 2294 4828 Panem-

949 4863 1020 4923 cii
1048 4874 1098 4922 et
1129 4862 1341 4923 Hilarii
1366 4863 1431 4925 C.
