4442 5769
973 555 1069 625 58
1821 532 1834 549 ’
1981 545 2791 620 CHARTULARIUM

967 730 1223 782 sumus
1251 700 1524 777 habere
1563 699 1676 776 vel
1703 697 2110 805 possidere,
2138 705 2483 802 excepto⁷
2504 696 2902 805 Cohmgas,
2926 725 3097 774 cum
3118 695 3278 773 lacu
3296 757 3313 785 ‚
3344 725 3514 774 cum
3534 715 3806 778 tractos

972 832 1068 909 ad
1106 858 1381 917 scavas,
1426 857 1594 905 cum
1622 828 1882 917 bosco,
1918 855 2086 905 cum
2113 826 2597 916 molendinis,
2642 855 2811 904 oum
2843 826 3086 913 vinea,
3131 853 3305 902 cum
3330 828 3683 907 omnibus
3713 829 3806 906 ad

972 992 1050 1039 se
1104 959 1679 1067 pertinentibus.
1735 960 1828 1036 Et
1875 976 2046 1036 sunt
2100 958 2273 1062 ipsae
2311 984 2429 1033 res
2461 957 2617 1062 jam
2657 956 2868 1033 dictae
2908 958 2985 1032 in
3023 955 3209 1033 urbe
3249 956 3678 1047 Caturcino‚
3728 957 3805 1035 in

971 1093 1237 1169 vicaria
1276 1089 1826 1177 Bealliacense⁸‚
1870 1117 2004 1165 seu
2043 1089 2120 1163 in
2161 1086 2347 1164 locis
2374 1086 2532 1192 jam
2563 1086 2803 1164 dictis.
2841 1085 3199 1165 Cedimus
3232 1087 3327 1163 ad
3361 1087 3615 1165 locum
3650 1088 3806 1193 jam

976 1221 1298 1309 dictum,
1329 1221 1420 1296 in·
1437 1218 1622 1297 urbe
1645 1218 2161 1305 Lemovicino‚
2199 1217 2278 1292 in
2318 1216 2622 1294 vicaria⁹
2654 1216 3103 1305 Asnacense,
3141 1217 3341 1294 villas
3377 1236 3665 1297 nostras
3703 1220 3810 1294 in·

977 1352 1458 1429 dominicatas
1497 1350 1807 1457 Signaco
1843 1377 1978 1427 seu
2025 1366 2105 1425 et
2148 1347 2538 1436 Nar-cinno,
2590 1376 2759 1427 cum
2811 1347 3165 1425 omnibus
3207 1347 3499 1425 illarum
3540 1376 3809 1456 appen-

977 1481 1221 1571 diciis‚
1275 1508 1445 1557 cum
1497 1480 1761 1569 vineis,
1819 1479 2086 1586 prati8‚
2132 1477 2366 1563 silvis,
2418 1455 2909 1566 molendiniS‚
2966 1477 3082 1555 vel
3128 1496 3810 1585 quantumcumque

976 1614 1052 1687 in
1092 1611 1307 1689 dictis
1345 1610 1540 1688 villis
1570 1627 1819 1689 nostra
1833 1614 2032 1718 justa
2069 1609 2398 1686 cernitur
2427 1636 2585 1685 esse
2616 1608 3015 1715 possessio,
3044 1608 3435 1713 quaesitum
3460 1609 3576 1686 vel
3602 1608 3813 1715 quod

980 1740 1518 1848 acquirendum
1562 1758 1693 1819 est.
1727 1741 1819 1817 Et
1857 1741 1934 1816 in
1969 1740 2123 1846 ipsa
2163 1740 2459 1839 vicaria,
2497 1736 2663 1815 villa
2692 1755 2941 1815 nostra
2964 1800 2981 1827 ‚
3019 1766 3185 1844 quae
3217 1737 3501 1817 Valleta
3529 1766 3815 1831 nuncu·
3886 1814 3903 1831 ,

979 1889 1226 1977 patim
1285 1899 1455 1948 cum
1504 1872 1771 1959 vineis,
1834 1870 2093 1976 pratis,
2153 1868 2501 1946 omnibus
2547 1867 3137 1957 indominicatiS,
3194 1896 3328 1944 seu
3379 1884 3455 1945 et
3504 1868 3664 1946 aliis
3719 1869 3813 1946 de

979 2002 1285 2090 mansis,
1316 2029 1484 2077 cum
1510 1999 1838 2090 frausus,
1866 1999 1985 2076 vel
2012 2015 2705 2106 quantumcumque
2736 1996 2924 2075 inibi
2955 1997 3085 2075 visi
3112 2026 3368 2075 sumus
3394 1997 3669 2077 habere
3698 1998 3813 2074 vel

979 2130 1396 2238 possidere,
1440 2133 1535 2207 ad
1555 2131 1711 2236 jam
1754 2129 2036 2206 dictum
2069 2130 2318 2206 locum
2348 2126 2710 2205 cedimus.
2741 2129 2836 2205 Et
2872 2129 2952 2204 in
2979 2130 3122 2206 alio
3163 2128 3362 2218 loco,
3396 2129 3474 2204 in
3507 2127 3811 2216 Oliado,

978 2263 1266 2338 vineam
1289 2280 1614 2339 nostram
1631 2319 1648 2348 ‚
1673 2288 1896 2366 quam
1918 2259 2289 2336 Frodinus
2313 2276 2516 2336 tenet
2540 2258 2670 2365 [al.
2712 2258 3101 2365 Fodimus]
3123 2287 3256 2364 per
3275 2258 3589 2339 bodinas
3612 2259 3812 2350 fixas,

979 2394 1076 2469 ad
1125 2393 1375 2470 locum
1414 2393 1568 2498 jam
1611 2390 1896 2467 dictum
1947 2390 2305 2467 cedimus.
2359 2391 2497 2467 Ista
2549 2417 2720 2465 vero
2761 2389 3009 2467 omnia
3066 2390 3587 2496 suprascripta.
3640 2418 3817 2469 con-

982 2523 1243 2627 scripta
1263 2581 1281 2610 ‚
1305 2550 1438 2598 seu
1463 2521 2019 2628 praenominata‚
2049 2521 2212 2597 Deo
2234 2518 2566 2597 salvatori
2590 2522 2932 2599 omnium
2959 2506 3132 2597 etS.
3157 2522 3379 2596 Petro
3410 2520 3814 2612 offerimus,

983 2651 1060 2725 in
1082 2650 1446 2756 stipendia
1476 2668 1552 2728 et
1579 2678 1800 2727 usum
1842 2649 2377 2726 monachorum
2395 2709 2412 2737 ‚
2456 2678 2593 2755 pro
2626 2649 3014 2731 animabus
3041 2651 3311 2726 nostris
3342 2666 3419 2726 et
3436 2651 3819 2728 animabus

985 2796 1376 2886 parentum
1400 2797 1830 2857 nostrorum
1850 2840 1867 2868 ,
1897 2808 2030 2857 seu
2062 2796 2136 2856 et
2162 2779 2409 2857 anima
2434 2781 2663 2884 patris
2686 2780 2918 2858 nostri
2951 2779 3284 2857 Rotberti
3304 2840 3322 2868 ,
3352 2808 3487 2858 seu
3508 2780 3817 2859 flatrum

988 2929 1453 2999 nostrorum,
1493 2912 1766 2989 Bosoni
1817 2929 1892 2987 et.
1927 2910 2312 2998 Ademari,
2356 2939 2495 2987 nec
2529 2939 2680 2988 non
2722 2912 2943 2988 etiam
2979 2910 3315 2991 Odolrici
3354 2940 3490 2990 seu
3531 2930 3607 2988 et
3644 2914 3820 2989 Rot-

983 3041 1208 3132 berti,
1263 3058 1339 3117 et
1391 3071 1525 3147 pro
1585 3041 1971 3118 animabus
2019 3058 2386 3147 nepotum
2449 3058 2907 3131 nostrorum,
2953 3042 3265 3118 Bosonis
3302 3069 3555 3119 verum
3596 3042 3817 3118 etiam

980 3172 1370 3280 Johannis,
1415 3189 1498 3248 ut
1542 3190 1711 3249 ante
1749 3171 2076 3249 tribunal
2109 3171 2362 3248 aeterni
2392 3171 2667 3277 judicis
2694 3171 2983 3250 veniam
3016 3199 3436 3249 mereamur
3472 3172 3818 3277 adipisci3

983 3303 1060 3376 in
1094 3330 1177 3377 ea
1203 3331 1377 3379 vero
1410 3304 1695 3379 ratione
1736 3320 1852 3389 ut,
1896 3301 2231 3408 quandiu
2258 3329 2395 3378 nos
2434 3301 2957 3390 advixerimus,
2992 3301 3542 3380 usufructuario
3572 3319 3819 3379 tenea·

986 3457 1190 3520 mus,
1243 3449 1316 3506 et
1362 3462 1401 3507 a
1445 3431 1568 3507 die
1605 3449 1964 3537 praesente
2016 3449 2093 3508 et
2144 3430 2499 3538 deinceps
2547 3460 2682 3537 pro
2730 3433 3106 3510 vestitura.
3147 3434 3241 3508 Et
3287 3433 3364 3510 in
3414 3432 3813 3537 Lenziago‚

988 3558 1562 3664 capmansionile
1610 3560 1742 3638 ubi
1783 3560 2180 3638 Odolricus
2239 3560 2574 3637 canarius
2592 3568 2644 3610 ¹⁰
2683 3562 2880 3639 visus
2926 3560 3071 3639 fuit
3105 3589 3442 3650 manere,
3480 3562 3553 3638 S.
3599 3562 3817 3636 Petro

987 3687 1519 3782 condonamus.
1553 3690 1678 3779 Et,
1708 3691 1767 3767 si
1811 3718 1949 3798 ego
1990 3691 2405 3770 Gozbertus
2433 3691 2721 3797 primus
2750 3690 2843 3768 ab
2880 3692 3025 3769 hoc
3063 3692 3335 3769 saeculo
3370 3693 3813 3799 migravero,

990 3817 1292 3896 ecclesia
1317 3848 1481 3926 quae
1513 3838 1623 3897 est
1660 3820 1966 3899 fundata
2006 3822 2082 3897 in
2109 3822 2479 3898 honorem
2515 3823 2590 3899 S.
2634 3821 2988 3911 Dionisii,
3032 3851 3201 3898 cum
3245 3838 3454 3898 curte
3490 3849 3652 3927 quae
3695 3848 3822 3897 vo-

991 3966 1196 4028 catur
1224 3951 1661 4041 Lamianus,
1695 3980 1866 4029 cum
1904 3952 2258 4030 omnibus
2300 3953 2450 4029 suis
2487 3952 2979 4059 appendiciis,
3024 3953 3105 4030 S.
3150 3954 3369 4029 Petro
3410 3967 3815 4039 remaneat,

991 4079 1200 4158 nullo
1228 4082 1805 4160 contradicente.
1842 4083 1934 4159 Et
1962 4082 2122 4160 aliae
2147 4111 2266 4161 res
2296 4111 2460 4190 quae
2490 4081 2804 4161 residuae
2822 4090 2871 4133 ¹¹
2894 4081 3211 4172 fuerint,
3244 4083 3454 4159 uxori
3489 4107 3672 4159 meae
3702 4109 3821 4157 re—

987 4230 1341 4289 maneant
1378 4214 1714 4320 quandiu
1750 4214 2126 4292 advixerit.
2157 4215 2256 4291 ‘Et
2284 4214 2342 4292 si
2374 4241 2561 4292 uxor
2587 4242 2754 4291 mea
2780 4213 3233 4320 Ricburgis¹²
3257 4213 3350 4290 ab
3378 4212 3523 4292 hoc
3553 4211 3819 4289 saeculo

1072 4479 1092 4507 ⁷
1139 4443 1399 4564 Excebtie
1430 4483 1497 4543 B.
1532 4482 1779 4566 Εσοσρεο
1810 4483 2081 4567 Colnnqas
2119 4482 2333 4546 desunt
2568 4482 2611 4514 ¹·
2653 4485 2750 4546 Sic
2781 4482 2848 4546 C.
2884 4487 3132 4546 canarias
3170 4485 3236 4544 B.
3266 4483 3380 4546 SG.

990 4580 1102 4642 SG.
2568 4585 2605 4616 ¹¹
2654 4584 2905 4649 Residuis
2920 4585 3137 4668 fuat-int
3184 4597 3243 4647 et
3298 4586 3595 4668 sequentia
3634 4605 3823 4665 usque

1073 4683 1092 4711 ’⁴
1135 4684 1232 4745 Sic
1250 4685 1314 4746 C.
1350 4684 1705 4748 Casiliacemo
1727 4689 1791 4749 B.
1812 4688 1926 4752 SG.
2479 4689 2555 4750 ad
2580 4712 2700 4773 qaoe
2729 4691 3077 4752 remanserint
3097 4688 3311 4751 desunt
3333 4689 3397 4750 B.

1076 4784 1096 4814 ⁶
1139 4785 1235 4846 Sic
1261 4784 1407 4848 Just.
1450 4799 1509 4849 et
1535 4787 1600 4850 C.
1632 4803 1938 4874 nuncupato
1968 4791 2089 4852 Bal.
2125 4802 2183 4854 et
2215 4790 2326 4853 SG.
2566 4789 2610 4822 ¹¹
2654 4792 2962 4877 Rietbarqie
2988 4791 3100 4854 SG.
3133 4792 3394 4876 Rebus-gis
3422 4791 3490 4852 B.
3518 4790 3803 4872 Riebmyis

975 4889 1106 4970 jam
1129 4886 1271 4950 dicto
1291 4889 1359 4951 B.
2479 4892 2583 4954 Ch.
