4442 5769
942 562 1081 636 154
1942 557 2764 633 CHARTULAMUM

931 729 1201 807 faisum
1251 728 1480 806 talem
1522 728 1822 836 qualem
1864 726 2211 835 iegaliter
2246 755 2447 805 unus
2494 727 2732 805 homo
2771 704 3016 833 potest
3063 742 3361 832 portare
3404 726 3498 803 de
3540 725 3774 805 domo

929 860 1184 937 rustici
1226 888 1468 966 usque
1519 860 1831 937 domum
1882 858 2130 936 vicarii
2172 859 2334 935 sine
2389 857 2587 936 malo
2638 857 2977 966 ingenim
3020 858 3265 964 ipsum
3307 856 3629 937 reddant
3679 858 3778 936 de

929 992 1148 1066 missa
1201 989 1451 1068 Sancti
1509 989 1808 1067 Martini
1857 1016 2096 1095 usque
2145 987 2244 1065 ad
2293 988 2539 1097 capud
2576 987 2872 1096 jejunii.
2921 987 3337 1066 Palatores⁶
3375 1016 3550 1066 vero
3589 1017 3776 1095 quas

928 1120 1505 1227 apprehendunt
1531 1128 1890 1226 quatuor⁷
1933 1120 2027 1196 de
2050 1119 2422 1225 quarteria
2450 1118 2770 1196 reddant
2797 1118 3215 1196 secundum
3244 1119 3541 1224 pondus
3567 1119 3777 1226 quod

933 1249 1256 1329 electum
1298 1267 1430 1327 est.
1466 1250 1870 1328 Mixturam
1924 1276 2098 1327 vero
2132 1278 2363 1358 qnam
2414 1248 2698 1326 dehent
2731 1249 3004 1326 rustici.
3039 1276 3176 1356 per
3225 1276 3565 1340 censum,
3618 1250 3776 1327 haec

930 1387 1148 1457 sunt⁸
1178 1412 1196 1457 z
1222 1380 1318 1457 de
1358 1379 1728 1487 quarteria
1770 1379 1964 1458 duo⁹
2002 1379 2335 1469 sextarii,
2373 1377 2469 1455 de
2508 1405 2736 1456 avena
2772 1396 2925 1455 tres
2951 1379 3264 1468 eminas,
3310 1394 3385 1456 et
3422 1395 3772 1484 quartum

926 1539 1017 1587 ex
1060 1511 1298 1593 ordeo
1338 1527 1478 1588 ant
1524 1538 1834 1588 annona„
1890 1510 1969 1588 Si
2019 1537 2195 1588 vero
2241 1509 2638 1587 mixturam
2685 1508 2918 1587 simul
2968 1509 3302 1614 occipere
3353 1508 3767 1597 noluerint,

923 1640 1241 1718 reddant
1271 1642 1392 1718 eui
1416 1642 1700 1719 addant
1737 1639 2110 1718 cumulum
2123 1647 2177 1689 ¹⁰
2196 1657 2273 1717 et
2303 1668 2458 1719 non
2497 1623 2804 1731 enlmm3
2841 1639 2943 1718 de
2971 1638 3208 1717 ordeo
3237 1666 3415 1717 vero
3446 1640 3770 1717 eminam

932 1772 1371 1851 numulamu
1431 1790 1558 1850 aut
1606 1773 1707 1850 de
1754 1799 2055 1849 annona
2113 1798 2377 1848 rasam.
2439 1773 2521 1848 In
2565 1770 2819 1849 sevum
2865 1750 3041 1848 vero
3093 1771 3189 1849 ad
3226 1770 3566 1877 judicem
3618 1799 3771 1850 non

929 1904 1159 1982 habet
1203 1904 1515 1983 vient-ius
1568 1903 1813 1981 ullum
1864 1902 2307 1980 destrictum
2334 1907 2387 1951 ²²
2441 1929 2581 1979 nee
2635 1901 2871 1980 ullam
2923 1899 3636 2009 adprehensionem.
3687 1903 3770 1979 In

780 2091 789 2107 x
920 2032 1170 2113 fevum
1198 2062 1372 2112 vero
1400 2033 1499 2112 nd
1528 2032 2026 2124 cellararium,
2060 2036 2265 2109 nec¹³
2304 2031 2382 2108 in
2419 2029 2672 2109 fevum
2707 2032 2804 2112 ad
2837 2060 3199 2139 quocum,
3233 2031 3480 2109 necin
3518 2031 3769 2111 fevum

918 2166 1016 2242 ad
1054 2165 1559 2254 forestarium,
1598 2192 1743 2241 nec
1773 2164 1857 2240 in
1880 2163 2135 2240 :fenum
2162 2163 2261 2240 ad
2301 2163 2775 2269 piscatmem,
2807 2191 2952 2240 nec
2980 2163 3060 2239 in
3101 2162 3351 2241 fevmn
3387 2161 3485 2239 ad
3513 2189 3770 2240 exano-
3813 2257 3826 2271 .

920 2316 1197 2390 terem,
1233 2324 1373 2374 nec
1410 2296 1491 2372 in
1531 2295 1861 2375 brolium
1898 2294 2474 2373 dominic-‚arium
2520 2320 2675 2371 non
2715 2295 2944 2373 habet
2977 2295 3292 2373 vicarius
3331 2294 3573 2373 ullum
3615 2295 3770 2373 dis-

788 2412 794 2418 ·
920 2429 1225 2507 trictum
1241 2487 1258 2517 ‚
1300 2455 1442 2505 nec
1458 2426 1688 2535 judex
1712 2454 1859 2503 nec
1883 2425 2111 2503 ullam
2130 2426 2836 2533 adprehensionem.
2867 2427 3230 2504 Homines
3251 2455 3424 2505 vero
3445 2426 3543 2503 de
3572 2443 3766 2504 terra

920 2559 1169 2637 Sancti
1212 2558 1409 2634 Petri
1448 2586 1601 2635 non
1641 2556 2002 2661 accipiant
2038 2555 2400 2635 mulieres
2439 2573 2818 2634 extraneas
2855 2556 2954 2634 de
2992 2556 3204 2640 foris.
3249 2556 3436 2637 dum
3484 2557 3564 2635 in
3609 2558 3768 2664 ipsa

916 2688 1464 2767 curte·inveni1'i
1486 2687 1816 2795 poterint
1836 2714 1997 2765 esse
2037 2686 2329 2763 feminae
2357 2716 2531 2765 oum
2557 2686 2840 2794 qmbus
2846 2687 3277 2795 jungantur
3303 2686 3670 2766 Similiter
3693 2707 3772 2765 et

922 2820 1015 2898 de
1047 2820 1342 2898 feminis
1372 2820 1500 2910 sit,
1532 2819 1821 2898 durnin
1853 2819 2011 2925 ipsa
2040 2837 2250 2896 ουτω
2286 2819 2562 2898 inventi
2597 2817 2874 2898 suerint
2905 2816 3255 2898 homines
3284 2847 3454 2896 cum
3487 2820 3769 2927 quibus

906 2951 1314 3057 jungantur
1351 2948 1767 3056 legualiter.
1803 2949 2032 3043 Quod
2064 2949 2121 3026 si
2153 2950 2390 3055 judex
2425 2966 2556 3027 aut
2585 2950 2896 3028 vicarius
2928 2950 3537 3028 constitutionem
3559 2951 3769 3029 ‘hanc

916 3082 1350 3190 transgressi
1402 3079 1681 3158 fuerint
1726 3109 1863 3186 pro
1906 3079 2064 3185 ullo
2116 3079 2314 3158 malo
2365 3080 2703 3188 ingenie,
2749 3081 3170 3159 secundum
3224 3079 3467 3190 legem
3508 3110 3767 3159 emen-

919 3213 1100 3289 dant
1131 3212 1378 3290 abbati
1402 3228 1529 3288 aut
1563 3213 1958 3319 praeposito
1996 3244 2012 3289 :
2054 3212 2209 3317 ipsa
2248 3240 2423 3289 vero
2465 3211 2586 3290 lex
2623 3227 2740 3290 Lx·
2778 3211 2997 3290 solidi
3029 3211 3197 3292 sint.
3231 3213 3325 3289 Et
3354 3213 3416 3290 si
3449 3214 3767 3290 rusticus

915 3344 1175 3421 fecerit
1209 3344 1371 3420 sine
1407 3342 1721 3420 consilio
1754 3370 2054 3432 eorum,
2092 3342 2339 3449 legem
2375 3372 2586 3420 suam
2628 3344 3015 3435 emendet,
3050 3361 3127 3420 et
3166 3344 3324 3450 ipse
3366 3343 3596 3421 homo
3637 3363 3769 3423 aut

914 3473 1195 3566 femina
1232 3475 1309 3549 in
1345 3473 1501 3577 ipsa
1559 3488 1754 3548 terra
1820 3488 2233 3550 revertatur
2283 3472 2435 3550 illic
2485 3474 2616 3551 uhi
2668 3473 2808 3580 ipsi
2863 3473 3223 3581 elegerint
3270 3475 3427 3553 sine
3475 3474 3760 3554 bauzia.

915 3603 994 3680 Si
1035 3601 1267 3680 homo
1308 3620 1437 3680 aut
1473 3601 1745 3679 semina
1785 3603 1865 3682 in
1907 3603 2064 3709 ipsa
2110 3623 2316 3682 curte
2357 3622 2699 3684 mortuus
2740 3604 2969 3684 fuerit
3006 3633 3157 3684 non
3195 3604 3482 3684 hahens
3523 3606 3764 3684 filium

914 3748 1043 3809 aut
1080 3731 1346 3821 filiam,
1392 3732 1508 3808 vel
1546 3732 1774 3809 talem
1832 3731 2190 3811 heredem
2234 3735 2360 3841 qui
2421 3763 2728 3813 censum
2774 3735 3192 3814 senioribus
3246 3734 3512 3825 solvat,
3554 3737 3765 3842 quod

914 3863 1281 3941 dimiserit
1319 3866 1549 3941 Beato
1588 3865 1808 3943 Petro
1846 3883 1922 3941 et
1961 3865 2472 3944 sacerdotibus
2513 3868 2590 3942 in
2634 3866 3039 3945 elemosina
3077 3882 3202 3944 aut
3241 3866 3595 3945 vicariisst
3632 3895 3762 3947 sua

911 4012 1313 4102 spontanea
1343 3994 2067 4085 uoluntatesstabile·
2088 3997 2186 4076 sit
2219 4027 2236 4072 ε
2275 3996 2485 4074 aliud
2523 4025 2698 4076 vero
2736 3999 2946 4105 quod
2985 4000 3456 4090 remanserit,
3500 3999 3763 4105 adpre-

904 4127 1240 4206 hendant
1269 4126 1564 4235 judiees
1619 4146 1690 4204 et
1744 4126 2141 4232 diligenter
2190 4128 2612 4208 custodiant
2663 4128 3090 4235 usquedum
3152 4131 3592 4237 praepositus
3642 4160 3762 4207 ve-

992 4422 1010 4450 ·
1057 4422 1323 4482 Politoms
1351 4420 1466 4483 sG.
2505 4422 2538 4451 ¹¹
2592 4421 2825 4484 Camala
2845 4433 2945 4483 aa!
2970 4422 3038 4483 de
3066 4443 3237 4484 avena
3261 4424 3333 4485 B.

993 4525 1010 4554 ⁷
1060 4523 1319 4597 Quatuor
1332 4523 1497 4584 deest
1520 4522 1629 4585 SG.
2501 4525 2539 4555 ¹¹
2583 4525 2934 4586 Desa-actum
2953 4538 3230 4610 corrupte
3258 4528 3325 4589 B.
3433 4532 3438 4538 '

992 4625 1013 4658 ⁸
1054 4626 1155 4686 Est
1202 4624 1315 4688 SG.
1367 4626 1467 4687 Ιιοσ
1518 4639 1639 4687 sunt
1683 4625 1955 4712 cangius.
2011 4628 2253 4692 Glossar.
2499 4628 2542 4659 ¹³
2583 4629 2699 4691 Nec
2722 4631 2776 4689 in
2779 4629 3005 4712 sevam.
3022 4678 3035 4690 .
3054 4677 3068 4694 .
3085 4630 3404 4715 piscatorem
3419 4631 3713 4693 desuntB.

904 4738 960 4788 ν·
989 4728 1273 4793 Μίωἰιιπι.
2273 4727 2286 4734 “
2498 4730 2538 4764 ¹‘
2587 4733 2794 4795 Vim-ii
2821 4733 2887 4794 in
2917 4732 3121 4795 codiee
3147 4733 3224 4795 de
3253 4734 3457 4802 Cocta,
3481 4733 3588 4796 sed
3617 4733 3757 4794 fflse

986 4831 1006 4861 ⁹
1048 4831 1482 4896 Dnoeswem'oe
1502 4829 1618 4895 SG.
2407 4837 2532 4898 sine
2561 4835 2761 4898 dubio.

987 4933 1028 4965 ”
1076 4934 1390 4998 Gamalam.
1421 4983 1432 4996 .
1463 4984 1476 4996 .
1519 4937 1749 4996 eminam
1790 4936 2003 4997 desunt
2028 4937 2097 4997 Β.
