4442 5769
956 581 1102 653 2512
1399 682 1405 687 ν
1970 575 2776 651 CHARTULARIUM

952 751 1134 855 cipis
1165 746 1714 855 apostolorum,
1750 763 1829 823 et
1858 748 1932 825 S.
1968 744 2399 835 Felicitatis,
2434 760 2510 821 et
2538 742 2614 821 S.
2650 741 2894 821 Ursini
2937 759 3010 820 et
3044 759 3482 820 coeterorum
3515 763 3801 823 sancto-

952 909 1155 966 rum,
1198 878 1329 956 ubi
1368 881 1479 956 vir
1516 875 1960 955 venerabilis
1994 875 2375 958 Gairulfus
2400 872 2627 952 abbas
2659 900 2833 951 cum
2873 873 3258 951 monachis
3281 873 3616 953 Domino
3655 878 3801 953 mi·-

951 1012 1161 1088 litare
1194 1009 1513 1099 videtur,
1538 1008 1727 1086 cedo
1757 1035 2205 1115 cessumque
2237 1007 2316 1083 in
2345 1021 2798 1113 perpetuum
2819 1032 2983 1083 esse
3012 1003 3182 1083 volo
3214 1019 3290 1082 et
3320 1004 3417 1083 de
3429 1005 3603 1113 jure
3623 1035 3799 1085 meo
3855 1046 3866 1057 ·

954 1143 1029 1217 in
1063 1141 1234 1247 jure
1277 1156 1352 1215 et
1389 1138 1899 1219 dominatione
1937 1155 2162 1246 atque
2202 1167 2347 1241 usu
2383 1134 2928 1215 monachorum
2967 1135 3157 1214 inibi
3193 1136 3796 1232 consistentium,

954 1274 1031 1349 in
1072 1270 1401 1348 venturis
1447 1268 2056 1377 generationibus
2095 1269 2474 1347 constituo
2515 1299 2532 1343 ε
2575 1266 2722 1345 hoc
2768 1283 2881 1345 est
2926 1295 3271 1345 mansum
3315 1294 3574 1345 meum
3626 1297 3798 1346 cum

955 1401 1294 1491 ecclesia,
1324 1428 1497 1477 cum
1528 1399 1749 1477 terris
1777 1416 1855 1477 et
1876 1399 2141 1489 vineis,
2177 1399 2256 1476 in
2284 1425 2475 1507 pago
2503 1397 2937 1489 Caturcino,
2968 1398 3049 1474 in
3076 1397 3244 1476 villa
3268 1398 3474 1476 Fano
3485 1405 3535 1487 ⁸,
3570 1427 3798 1506 quem

956 1535 1050 1608 de
1079 1532 1417 1640 genitore
1447 1556 1620 1607 meo
1646 1529 1762 1607 vel
1792 1529 2099 1609 diversis
2127 1529 2567 1608 hominibus
2597 1528 2779 1606 dato
2807 1529 3053 1635 pretio
3085 1530 3523 1637 comparavi.
3559 1529 3798 1609 Habet

954 1662 1141 1741 fines
1178 1664 1336 1769 ipse
1377 1690 1710 1755 mansus»,
1756 1663 1852 1740 de
1890 1690 2044 1741 uno
2081 1660 2311 1740 latere
2349 1679 2628 1740 terram
2665 1659 2742 1739 S.
2786 1660 3162 1750 Leubeni,
3204 1661 3300 1738 de
3339 1660 3487 1738 alio
3526 1677 3800 1739 terram

952 1793 1281 1901 Autgarii
1299 1853 1316 1882 ,
1367 1793 1462 1869 de
1504 1794 1728 1871 tertio
1767 1792 1994 1871 latere
2034 1792 2350 1871 flux'rium
2388 1791 2781 1871 Rodanum
2792 1796 2844 1882 ⁴,
2877 1791 2976 1869 de
3016 1808 3283 1897 quarto
3322 1792 3513 1869 viam
3552 1792 3800 1900 publi-

954 1953 1139 2002 cam.
1178 1925 1366 2002 Item
1405 1924 1485 2000 in
1525 1922 1670 2002 alio
1709 1922 1914 2014 loco,
1958 1951 2169 2001 secus
2203 1921 2612 2003 fluvillum⁵
2636 1921 3142 2012 Aureliacum,
3181 1922 3476 2001 vineam
3514 1950 3796 2005 meam:

955 2073 1030 2131 et
1067 2053 1296 2132 habet
1337 2053 1557 2143 fines,
1602 2053 1697 2131 de
1741 2053 2042 2132 duobus
2070 2052 2426 2131 lateribus
2464 2069 2740 2130 terram
2782 2052 2857 2132 S.
2895 2052 3268 2145 Leubeni,
3302 2053 3397 2130 de
3435 2055 3658 2131 tertio
3694 2053 3801 2131 la-

952 2203 1110 2264 tere
1163 2204 1439 2262 terram
1483 2184 1852 2290 Drogoni,
1899 2185 1995 2262 de
2035 2202 2303 2292 quarto
2352 2182 2584 2261 latere
2630 2183 2821 2260 viam
2867 2183 3270 2290 publicam.
3316 2186 3505 2261 Item
3544 2185 3621 2261 in
3657 2183 3798 2261 alio

951 2314 1148 2405 loco,
1185 2343 1400 2393 secus
1428 2313 1676 2391 villam
1705 2314 1996 2406 Fauno,
2039 2314 2172 2392 ubi
2202 2332 2315 2392 est
2338 2313 2786 2392 vocabulum
2816 2312 3263 2404 Aureliaco⁶,
3298 2314 3589 2392 vineam
3629 2343 3802 2392 nos—

952 2463 1179 2533 tram,
1223 2473 1385 2551 quae
1434 2442 1623 2521 fines
1666 2443 1925 2532 habet,
1974 2444 2069 2521 de
2107 2472 2264 2522 uno
2313 2444 2541 2522 latere
2580 2444 2872 2522 vineam
2912 2443 3026 2521 vel
3062 2461 3338 2522 terram
3378 2443 3795 2534 Golmario,

957 2573 1054 2652 de
1083 2572 1226 2651 alio
1264 2572 1495 2651 latere
1534 2591 1809 2651 terram
1840 2574 1916 2653 S.
1949 2574 2324 2663 Leubeni,
2366 2570 2720 2653 de'tertio
2758 2574 2983 2653 latere
3022 2576 3338 2654 fluvium
3365 2576 3796 2671 Rodanum,

957 2703 1053 2781 de
1104 2721 1373 2812 quarto
1432 2705 1660 2782 latere
1710 2706 1900 2782 viam
1952 2703 2357 2812 publicam.
2409 2707 2597 2785 Item
2640 2706 2718 2782 in
2765 2705 2909 2784 alio
2956 2705 3160 2795 loco,
3206 2708 3283 2782 in
3331 2706 3499 2784 villa
3548 2736 3802 2814 supra-

955 2833 1180 2925 dicta,
1224 2836 1513 2914 vineam
1553 2863 1831 2928 meam3
1874 2835 2104 2915 habet
2137 2836 2362 2925 fineS,
2413 2834 2511 2914 de
2551 2864 2706 2914 uno
2746 2836 2976 2915 latere
3014 2854 3291 2917 terram
3329 2836 3658 2928 Amelio‚
3705 2838 3800 2916 de

955 2966 1101 3045 alio
1148 2967 1378 3046 latere
1428 2984 1701 3044 terram
1739 2965 2114 3057 Gulmari,
2164 2967 2258 3045 de
2298 2969 2524 3048 tertio
2573 2967 2804 3048 latere
2850 2985 3121 3045 terram
3171 2970 3247 3046 S.
3295 2967 3660 3057 Leubeni,
3705 2967 3800 3046 de

953 3116 1219 3204 quarto
1249 3097 1478 3178 latere
1502 3099 1693 3178 viam
1714 3096 2115 3206 publicam.
2138 3101 2328 3177 Item
2357 3101 2436 3176 in
2465 3098 2609 3177 alio
2638 3099 2830 3191 loco,
2857 3099 2934 3175 in
2953 3097 3122 3180 villa
3142 3097 3572 3205 Superiana,
3605 3128 3803 3177 cam-

952 3256 1135 3333 pum
1165 3256 1421 3308 meum
1449 3229 2025 3308 dominicarium
2051 3229 2181 3337 qui
2211 3228 2402 3309 fines
2431 3227 2690 3319 habet,
2719 3229 2816 3306 de
2844 3257 3000 3307 uno
3029 3227 3259 3308 latere
3288 3245 3565 3306 terram
3589 3228 3804 3306 Ame-

952 3355 1066 3447 lii,
1113 3359 1206 3436 de
1248 3357 1392 3437 alio
1432 3358 1658 3436 latere
1691 3377 1970 3437 terram
2009 3359 2366 3448 Eboloni,
2403 3360 2499 3438 de
2538 3359 2763 3438 tertio
2791 3358 2908 3436 vel
2947 3358 3042 3462 de
3083 3375 3349 3465 quarto
3381 3358 3613 3440 latere
3651 3360 3804 3438 vias

952 3487 1309 3594 publicas.
1353 3491 1541 3566 Item
1579 3491 1656 3566 in
1696 3488 1841 3568 alio
1879 3490 2078 3581 lo'co,
2122 3518 2337 3568 secus
2368 3489 2615 3568 villam
2655 3488 3138 3579 Marzellam⁷,
3185 3489 3317 3570 ubi
3359 3489 3803 3568 vocabulum

955 3635 1068 3695 est
1105 3616 1341 3697 Grosa
1383 3618 1597 3727 [sorte
1633 3648 1759 3724 pro
1800 3618 2103 3729 Gresa],
2149 3621 2673 3699 condaminam
2707 3649 2954 3700 meam
3000 3620 3596 3713 dominicariam,
3641 3650 3806 3728 quae

952 3748 1181 3826 habet
1208 3747 1426 3841 fines,
1466 3750 1559 3829 de
1596 3778 1751 3829 uno
1790 3752 2019 3829 latere
2049 3769 2323 3830 terram
2341 3754 2415 3831 S.
2442 3753 2725 3845 Mariae,
2761 3752 2855 3830 de
2887 3750 3031 3831 alio
3059 3751 3288 3829 latere
3318 3768 3594 3828 terram
3622 3751 3806 3830 Fro-

951 3880 1152 3970 tarii,
1201 3880 1296 3958 de
1330 3883 1556 3960 tertio
1595 3880 1825 3960 latere
1859 3902 2134 3962 terram
2172 3882 2510 3971 Ebraldi,
2557 3883 2653 3960 de
2693 3861 2962 3989 quar&
3007 3881 3239 3962 latere
3279 3882 3598 3960 rivolum
3635 3912 3807 3960 cur-

952 4029 1267 4090 rentem.
1308 4014 1405 4090 Et
1443 4014 1626 4089 item
1667 4011 1746 4090 in
1787 4011 1931 4091 alio
1965 4013 2164 4103 loco,
2202 4014 2278 4091 in
2318 4014 2484 4091 villa
2522 4013 2933 4094 Puzinnaco
2947 4020 2995 4104 ⁸,
3030 4012 3475 4092 mansionile
3512 4037 3802 4102 meum,

954 4173 1124 4222 cum
1150 4145 1404 4232 terris,
1428 4142 1695 4232 vineis,
1730 4142 1958 4235 silvis,
1988 4146 2198 4253 quod
2230 4144 2454 4223 habet
2482 4145 2669 4224 fines
2703 4145 2796 4225 de
2828 4144 3126 4223 duobus
3150 4144 3507 4223 lateribus
3529 4161 3804 4221 terram
3866 4173 3872 4181 ·

952 4274 1335 4364 Aichardi‚
1371 4274 1466 4353 de
1505 4275 1727 4353 tertio
1766 4273 1995 4352 latere
2025 4277 2217 4353 viam
2249 4275 2651 4382 publicam.
2685 4277 2856 4353 Haec
2895 4276 3145 4354 omnia
3181 4275 3524 4381 superius
3563 4276 3812 4353 nomi-

951 4423 1150 4494 nata,
1187 4435 1359 4483 cum
1400 4406 1757 4486 omnibus
1788 4408 1884 4485 ad
1921 4431 2001 4486 se
2042 4408 2624 4514 pertinentibu8‚
2659 4408 2852 4486 sicut
2878 4407 3035 4515 jam
3070 4406 3424 4497 diximus,
3454 4406 3550 4484 ad
3582 4434 3803 4483 usum

951 4536 1422 4641 praesatorum
1464 4539 2010 4619 monachorum
2029 4537 2344 4645 'publice
2382 4540 2600 4617 trado
2635 4556 2858 4645 atque
2903 4537 3348 4617 transfundo
3391 4537 3488 4616 ad
3528 4536 3807 4614 haben·

1041 4749 1054 4777 ‘
1099 4748 1291 4808 Fauno
1310 4748 1484 4809 infra.
2384 4797 2392 4803 .
2537 4752 2556 4781 ⁶
2601 4750 2889 4813 Amliam
2922 4750 3062 4812 false
3084 4750 3148 4811 B.

1037 4850 1056 4880 ⁴
1100 4849 1396 4913 Dordoneoe
1424 4851 1564 4914 false
1593 4853 1661 4914 B.
1846 4858 1860 4862 “
2538 4853 2556 4884 ⁷
2601 4854 2917 4918 Marullum
2948 4853 3060 4918 SG.

1038 4953 1056 4981 ⁵
1102 4954 1355 5015 Flavium
1379 4954 1491 5016 SG.
2040 5005 2043 5008 .
2536 4955 2556 4985 ⁸
2601 4957 2849 5018 Pasnaco
2879 4956 2945 5019 B.
