4442 5769
1416 633 2050 710 MONASTERII
2112 625 2245 707 DE
2317 632 2951 710 BELLOLOCO.
3504 633 3601 705 89

756 787 815 864 si
868 813 1077 874 ver0,
1130 783 1390 862 fraude
1444 784 1692 892 aliqua
1739 784 2317 875 interveniente,
2359 785 2475 861 vel
2533 784 2730 862 ullus
2779 782 3130 890 quislibet
3181 783 3403 861 abbas
3452 784 3603 860 sive

754 916 957 995 ullus
994 934 1239 994 rector
1277 916 1508 1023 ipsius
1546 916 1732 1007 loci,
1774 945 1910 1023 pro
1947 915 2475 1023 qualicumque
2515 916 2899 993 occasione
2933 914 3262 993 donandi
3304 944 3437 993 seu
3475 915 3608 994 be-

756 1047 1190 1136 neficiendi,
1237 1047 1430 1154 ipsas
1456 1077 1574 1125 res
1602 1048 1695 1126 ab
1727 1046 2034 1125 ecclesia
2057 1048 2196 1147 Dei
2223 1048 2651 1125 abstrahere
2693 1063 2999 1124 conatus
3039 1045 3293 1135 fuerit,
3326 1045 3606 1123 nullam

759 1179 1029 1257 habeat
1071 1178 1389 1256 faciendi
1437 1195 1916 1285 potestatem,
1972 1178 2104 1257 sed
2152 1207 2348 1256 unus
2398 1207 2486 1254 ex
2534 1177 3110 1285 proximioribus
3154 1177 3387 1283 ipsius
3425 1178 3608 1254 Fro-

758 1310 952 1388 tardi
980 1309 1108 1417 qui
1132 1309 1257 1386 illo
1289 1327 1627 1417 tempore
1660 1309 2044 1399 advixerit,
2088 1309 2182 1386 ad
2209 1326 2537 1386 rectores
2563 1309 2794 1415 ipsius
2826 1308 2968 1385 loci
3001 1309 3283 1414 argenti
3310 1325 3609 1384 centum

761 1440 1039 1520 solidos
1092 1441 1352 1529 solvat,
1417 1458 1492 1518 et
1544 1442 1795 1519 omnia
1853 1441 2196 1547 superius
2251 1441 2629 1518 nominata
2684 1440 2779 1516 ad
2839 1441 3206 1547 integrum
3270 1441 3347 1516 in
3405 1440 3612 1517 suain

761 1589 1054 1650 revocet
1093 1587 1556 1678 potestatem.
1602 1572 1834 1664 Sane,
1878 1571 2086 1679 quod
2119 1571 2458 1668 futurum
2493 1600 2649 1649 esse
2680 1572 2988 1648 minime
3029 1570 3437 1659 credimus,
3468 1553 3616 1648 'sed

764 1704 864 1799 ob
897 1702 1368 1781 infestatione
1401 1702 1769 1780 malorum
1802 1700 2197 1781 hominum
2234 1704 2559 1781 inserere
2592 1731 2970 1811 rogamus,
3011 1703 3072 1778 si
3102 1702 3437 1808 nosipsi,
3475 1703 3617 1778 irn-

763 1850 1040 1911 mutata
1071 1834 1474 1923 voluntate„
1509 1851 1638 1911 aut
1672 1832 1869 1910 ullus
1905 1833 1999 1917 de
2038 1832 2446 1911 heredibus
2477 1834 2627 1910 sive
2665 1834 3101 1939 propinquis
3141 1833 3440 1919 nostriS,
3482 1860 3617 1908 seu

764 1964 1112 2073 quaelibet
1141 1966 1477 2072 opposita
1505 1993 1856 2072 persona,
1890 1963 2069 2042 huic
2109 1965 2420 2043 cessioni
2462 1965 2785 2072 aliquam
2825 1963 3270 2040 calumniam
3310 1963 3426 2041 vel
3465 1981 3618 2041 ter-

765 2096 1333 2204 giversationem
1359 2096 1633 2173 inferre
1654 2095 2238 2203 praesumpserit,
2273 2095 2618 2201 inprimis
2660 2096 2845 2172 iram
2877 2095 3015 2173 Dei
3044 2095 3615 2202 omnipotentis,

768 2229 888 2304 cui
932 2227 1086 2304 baec
1138 2227 1405 2305 devote
1456 2226 1885 2317 offerimus,
1935 2227 2242 2334 ejusque
2286 2244 2710 2304 sanctorum
2760 2228 3117 2316 incurrat3
3172 2225 3447 2303 deinde
3499 2227 3618 2302 cui

766 2353 973 2435 litem
1010 2359 1347 2436 intulerit
1386 2387 1536 2436 una
1574 2387 1746 2437 cum
1787 2358 1990 2436 socio
2029 2358 2208 2435 fisco
2257 2359 2415 2436 auri
2449 2358 2676 2437 libras
2714 2359 3078 2464 quinque,
3122 2359 3400 2463 argenti
3443 2385 3625 2465 pon-

771 2489 948 2566 dera
979 2488 1272 2582 decem,
1316 2507 1611 2568 coactus
1644 2490 1994 2582 exsolvat,
2040 2507 2114 2567 et
2153 2518 2284 2567 sua
2323 2492 2672 2596 repetitio
2706 2489 3004 2568 nullum
3038 2490 3373 2566 obtineat
3403 2489 3624 2566 effec-

769 2638 962 2711 tum,
1006 2621 1142 2699 sed
1181 2650 1500 2728 praesens
1539 2622 1774 2699 cessio
1823 2623 1922 2699 ita
1971 2622 2186 2699 firma
2241 2638 2317 2698 et
2357 2621 2781 2698 inconvulsa
2824 2638 3250 2727 permaneat
3291 2650 3464 2698 cum
3495 2622 3627 2699 sti-

771 2750 1152 2858 pulatione
1183 2752 1512 2831 subnixa.
1542 2754 1836 2831 Factam
1879 2753 2067 2830 hanc
2103 2753 2513 2832 cessionem
2556 2752 2630 2828 in
2666 2780 2919 2829 mense
2950 2753 3250 2841 martio,
3295 2781 3486 2830 anno
3529 2780 3627 2833 vu

775 2882 939 2991 [leq.
981 2884 1204 2992 vun],
1248 2883 1582 2964 Rodulfo
1619 2913 1794 2993 rege
1835 2902 2221 2993 regnante,
2269 2913 2464 2963 anno
2507 2914 2810 2992 quoque
2852 2886 3261 2962 Dominicae
3302 2887 3631 2963 Incarna-

770 3016 997 3093 tionis
1045 3043 1497 3105 nccccxxxn,
1550 3017 1960 3095 indictione
2001 3025 2109 3095 v⁶.
2161 3017 2237 3094 S.
2281 3016 2687 3093 Raimundi
2730 3016 3090 3093 comitis⁷.
3144 3015 3219 3094 S.
3264 3017 3626 3094 Frotardi.

776 3146 850 3224 S.
906 3146 1650 3254 Adalberganaesstqui
1699 3147 1888 3225 hanc
1937 3146 2101 3225 fieri
2152 3146 2267 3224 vel
2323 3145 2789 3223 corroborari
2838 3146 3154 3222 firmiter
3209 3165 3627 3224 sanxerunt.

778 3278 851 3354 S.
894 3276 1306 3355 Ademari0.
1354 3279 1430 3357 S.
1475 3278 1915 3357 Gozbertiw.
1953 3278 2026 3356 S.
2073 3277 2402 3358 Geraldi.
2439 3276 2513 3355 S.
2555 3277 2833 3386 Gar-ini.
2881 3277 2955 3354 S.
2997 3276 3400 3354 Nicolini¹¹.

859 3557 879 3586 ⁸
926 3557 1173 3620 Indictio
1201 3579 1234 3620 v
1264 3570 1322 3620 et
1344 3579 1533 3620 annus
1567 3560 1687 3644 932
1723 3560 1876 3621 inter
1904 3580 1966 3620 se
1990 3581 2125 3621 con·
2366 3558 2385 3588 ⁹
2430 3558 2756 3621 Ademarus
2789 3561 2899 3619 iste
2938 3581 3004 3619 ex
3044 3571 3218 3644 gente
3246 3560 3634 3629 Turennensi,

778 3660 1263 3745 cordant.1taque
1284 3685 1422 3723 ann.
1446 3663 1614 3745 regni
1636 3661 1873 3724 Rodum
1897 3683 2031 3725 vnn
2051 3661 2127 3723 le·
2279 3674 2347 3723 ut
2379 3663 2748 3746 conjicimus,
2792 3662 2903 3723 fuit
2941 3661 3256 3731 oriundus,
3317 3663 3637 3725 vicecomes

777 3763 1038 3845 gendum
1072 3776 1159 3826 est
1209 3788 1318 3850 pro
1346 3785 1454 3827 vn.
1497 3765 1786 3831 Rodulfus
1822 3766 1885 3826 in
1925 3787 2127 3827 mense
2278 3765 2577 3828 scalarum
2603 3786 2834 3827 necnon
2862 3766 3186 3827 Tutelensis
3226 3766 3477 3827 coenobii
3509 3788 3639 3851 pas-

769 3865 922 3948 julio
952 3870 1093 3928 anni
1129 3869 1250 3952 923
1288 3889 1535 3953 reg-nare
1565 3872 1756 3953 coepit.
1793 3867 1944 3932 Vide
1977 3867 2131 3932 Vais-
2282 3883 2372 3931 tor
2399 3869 2599 3930 laicus.

778 3971 923 4036 sete,
955 3969 1163 4032 Hister.
1190 3970 1438 4034 Occium.
1459 3972 1541 4042 II,
1574 3973 1728 4034 iuter
1739 3972 2129 4056 probationes,
2369 3971 2411 4003 ¹⁰
2454 3971 2773 4034 Gozhertus
2805 3974 2912 4032 iste
2941 3994 3009 4033 ex
3038 3985 3213 4056 gente
3238 3973 3635 4042 Turennensi.

778 4071 888 4134 col.
923 4072 1022 4135 68.
2283 4077 2432 4138 sicut
2455 4075 2632 4137 frater
2664 4076 2987 4138 Ademarus
3017 4074 3093 4137 de
3129 4099 3249 4160 quo
3293 4079 3355 4138 in
3384 4089 3523 4138 nota
3547 4099 3639 4137 su·

865 4174 885 4203 ⁷
928 4176 1201 4238 Tolosani
1231 4179 1475 4249 comitis,
1501 4191 1565 4240 ut
1588 4180 1914 4242 notavimus
1935 4201 2129 4265 supra.
2284 4182 2542 4262 periore,
2568 4180 2855 4241 oriundus
2881 4180 3017 4250 fuit,
3044 4193 3110 4240 ut
3130 4199 3454 4241 censemus.
3476 4181 3641 4241 Vice-

867 4276 888 4306 ⁸
928 4277 1026 4340 Sic
1039 4278 1147 4341 Ch.
1168 4293 1227 4342 et
1244 4280 1368 4344 Bal.
1402 4280 1789 4366 Adalberyano
1817 4280 1931 4345 SG.
1967 4281 2134 4345 Adol-
2285 4304 2480 4344 comes
2499 4283 2690 4344 dictus
2718 4295 2850 4344 esta
2872 4283 3104 4344 Baluzio
3129 4282 3275 4343 Hist.
3309 4281 3430 4342 Tar.
3455 4303 3512 4364 p.
3546 4284 3637 4342 13.

784 4380 1029 4466 beryanoe
1047 4384 1118 4444 B.
2375 4385 2413 4417 ¹¹
2461 4385 2700 4449 Nicolini
2723 4386 2886 4446 deest
2898 4384 3003 4446 Ch.
3029 4385 3265 4447 Nicolmi
3294 4383 3360 4446 C.

3290 5211 3348 5249 22
