4442 5769
407 1442 464 1494 ιίι
495 1438 614 1508 jun.
643 1439 768 1495 882.

1871 562 2676 638 CHARTULARIUM

857 572 954 639 20

2152 1045 2386 1127 vl11¹.

1380 1260 1526 1320 Item
1564 1256 1960 1321 Karlimanni’
1994 1260 2202 1341 [regis]
2237 1259 2311 1320 de
2337 1259 2671 1321 Camairaco
2701 1271 2758 1320 et
2785 1260 3152 1323 Orbaciaco³.

960 1439 1041 1514 ln
1097 1439 1401 1516 nomine
1449 1439 1752 1515 Domini
1810 1439 1951 1516 Dei
2008 1439 2258 1517 aeterni
2315 1456 2388 1516 et
2437 1439 2829 1517 Salvatoris
2878 1440 3108 1519 nostri
3161 1442 3333 1518 Jesu
3384 1442 3677 1520 Christi.

356 1622 405 1663 n.
428 1636 471 1678 ¹„
493 1626 557 1665 ,5,
580 1622 716 1681 ⁵⁶4»-
748 1628 810 1669 ,8,
848 1568 1424 1659 Karlomannus,
1453 1570 1683 1675 gratia
1707 1570 1883 1660 Dei,
1913 1599 2063 1648 rex.
2098 1571 2175 1649 Si
2216 1570 2662 1647 utilitatibus
2689 1570 3030 1649 locorum
3059 1570 3322 1647 divinis
3362 1573 3684 1650 cultibus

469 1699 517 1740 C.
541 1714 676 1755 par.

838 1700 1459 1806 mancipatorum,
1539 1728 2074 1806 servorumque
2133 1700 2275 1779 Dei
2333 1700 2893 1778 necessitatibus
2945 1702 3018 1776 in
3072 1700 3355 1778 eisdem
3408 1701 3683 1813 degen-

837 1831 1059 1918 tium,
1106 1858 1362 1907 aurem
1398 1847 1665 1911 nostrae
1693 1829 2157 1909 celsitudinis
2184 1831 2790 1921 accomodamuS,
2826 1831 3116 1938 regium
3154 1831 3415 1937 procul
3452 1832 3681 1911 dubio

841 1988 1266 2037 exercemus
1296 1989 1571 2037 munus
1589 2023 1605 2052 ,
1634 1990 1715 2037 ac
1743 1990 1879 2067 per
1912 1962 2180 2038 hoc-ad
2207 1979 2555 2039 aeternam
2581 1962 3121 2040 beatitudinem
3155 1963 3677 2068 capessendam

836 2110 1188 2169 venturos
1245 2120 1383 2169 nos
1430 2092 1739 2168 minime
1788 2091 2221 2169 titubamus,
2280 2092 2562 2169 Idcirco
2616 2093 2905 2170 noverit
2950 2091 3291 2169 fidelium
3343 2094 3674 2171 omnium

835 2241 1097 2300 sanctae
1135 2223 1275 2300 Dei
1315 2222 1659 2299 Ecclesiae
1698 2240 2312 2329 nostrorumque,
2367 2240 2521 2299 tam
2573 2222 3056 2328 praesentium
3098 2252 3322 2328 quam
3367 2240 3440 2300 et
3481 2222 3681 2301 sutu-

833 2382 1125 2442 rorum,
1169 2352 1562 2441 industria,
1596 2352 1913 2458 qualiter
1951 2352 2387 2429 accedentes
2429 2351 2885 2430 venerabiles
2914 2350 3045 2428 viri
3091 2352 3184 2428 ad
3213 2371 3476 2429 nostrae
3517 2352 3679 2430 alti-

920 2612 936 2642 ¹
980 2613 1065 2672 Ex
1083 2632 1218 2670 mss.
1251 2611 1316 2671 Β.
1339 2609 1530 2672 C.SG.
1557 2622 1615 2670 et
1636 2609 1969 2694 apographo
2000 2610 2176 2672 Ches-

830 2715 1039 2783 niano,
1074 2712 1183 2774 loc.
1225 2714 1317 2773 cit.
1364 2711 1465 2773 fol.
1504 2711 1646 2774 326.
1669 2711 1898 2796 Vulgat.
1940 2715 2004 2773 in
2032 2713 2173 2775 Nov.

833 2815 986 2878 Gall.
1017 2814 1129 2875 chr.
1164 2828 1202 2875 t.
1230 2815 1308 2884 11,
1342 2817 1505 2875 instr.
1533 2813 1642 2874 col.
1667 2817 1736 2883 [ις
1762 2837 1796 2875 a
1824 2816 1894 2876 D.
1917 2816 2174 2877 Vaissete

827 2922 887 2980 in
912 2918 1060 2979 Hist.
1090 2918 1336 2980 Occitan.
1367 2930 1404 2978 t.
1429 2920 1482 2987 1,
1509 2941 1596 3003 pr.
1630 2918 1739 2979 col.
1784 2919 1926 3000 ¹37³
1955 2931 2013 2978 et
2038 2941 2069 2978 a
2100 2919 2170 2980 D.

827 3024 1125 3105 Bouquet,
1153 3034 1193 3082 t.
1220 3021 1325 3093 IX,
1353 3041 1408 3105 p.
1434 3019 1581 3090 [426.

909 3124 929 3154 ²
978 3125 1359 3210 Carolomaqni
1395 3121 1501 3185 Ch.
1534 3124 1617 3185 ibi
1660 3135 1719 3184 et
1755 3123 2026 3195 inferius,
2067 3125 2171 3185 sed

823 3249 955 3288 vere
989 3227 1397 3297 Carolomanni,
1420 3227 1817 3296 Kamlomanm'
1838 3249 1943 3287 seu
1975 3226 2172 3287 Karlo·

823 3333 1007 3392 manni
1041 3333 1105 3391 in
1142 3353 1278 3391 mss.
1307 3331 1521 3391 caeteris
1551 3331 1893 3412 cunctisque
1925 3332 2170 3394 auctori·

820 3433 930 3493 bus
954 3432 1186 3515 legitur.

790 3547 797 3556 ‘
907 3534 926 3562 ³
969 3534 1268 3595 Orbaeiato
1288 3534 1352 3593 B.
1381 3545 1439 3594 et
1453 3533 1567 3595 SG.
1596 3533 1700 3594 sed
1720 3533 1961 3594 inferius
1992 3533 2165 3596 Orba-

824 3641 1040 3697 tiacam.
1065 3634 1212 3697 Vide
1249 3633 1400 3695 infra
1428 3634 1520 3695 ch.
1561 3655 1650 3703 lx,
1692 3655 1756 3704 x,
1786 3655 1850 3695 xx
1877 3646 1935 3695 et
1952 3655 2065 3705 xn,
2094 3636 2168 3697 de

823 3739 954 3799 villa
985 3738 1321 3799 OrbaciacO.
1354 3736 1645 3797 Praedium
1682 3735 1830 3798 illud
1870 3750 2068 3820 postea
2104 3738 2169 3799 de

821 3841 1020 3902 sallem
1033 3851 1439 3922 nuncupatum
1449 3852 1551 3911 est,
1567 3841 1651 3900 uti
1661 3850 1885 3900 constat
1895 3861 1960 3900 ex
1971 3839 2167 3901 charta

820 3943 1586 4026 quadachommutationis
1642 3962 1798 4003 anno
1836 3943 1995 4010 1164
2044 3956 2167 4003 acta

819 4047 972 4108 inter
997 4043 1316 4107 Geraldum
1346 4044 1442 4107 del
1479 4044 1649 4116 Cher,
1692 4046 2165 4108 Lemovicensem

768 4155 787 4176 ⁸
818 4149 1173 4233 episcopum,
1201 4161 1259 4210 et
1286 4148 1526 4209 Petrum
1564 4148 1639 4208 de
1676 4148 1888 4210 Sancto
1924 4147 2162 4218 Serene,

817 4252 1078 4314 Belliloci
1130 4251 1399 4314 abbatem
1422 4298 1435 4321 ,
1475 4250 1551 4311 de
1597 4252 1703 4311 ista
1750 4251 1884 4312 villa
1934 4273 2163 4313 necnon

816 4355 891 4415 de
921 4357 1161 4417 ecclesia
1199 4356 1276 4417 de
1305 4353 1513 4415 Tudel.
1549 4354 1676 4416 Hoc
1708 4356 2165 4417 instrumentum

817 4457 886 4517 D.
928 4458 1184 4518 Vaissete
1223 4469 1281 4518 et
1330 4457 1400 4518 D.
1442 4458 1546 4519 Vic
1589 4458 1743 4518 inter
1792 4441 2163 4543 ⁵probationes

814 4559 1075 4620 Historiae
1118 4558 1417 4621 Occitaniae
1465 4559 1847 4643 vulgaverunt
1890 4562 1954 4640 (t.
1987 4562 2039 4630 Ι,
2071 4583 2158 4645 pr.

815 4661 924 4721 col.
970 4683 991 4721 1
1007 4664 1114 4742 luo)
1136 4708 1150 4731 ,
1182 4682 1250 4721 ex
1279 4660 1629 4722 chartulario
1659 4661 2026 4723 Bellilocens.
2065 4662 2162 4724 de-

814 4775 1152 4848 promptum
1210 4775 1556 4833 asserentes,
1621 4764 1726 4825 sed
1788 4762 1959 4832 salso,
2024 4786 2159 4844 cum

813 4888 1005 4950 neque
1038 4867 1099 4926 in
1142 4863 1536 4928 Bouhieriano
1579 4888 1773 4951 neque
1805 4867 1868 4926 in
1917 4865 2162 4949 Sanger-

812 4971 1073 5032 manensi
1110 4975 1249 5040 ms·,
1281 4991 1390 5030 nec
1423 4970 1483 5031 in
1516 4970 1643 5031 cod.
1677 4968 1752 5030 de
1788 4968 1960 5032 Costa
2000 4989 2158 5052 repe·

2329 2612 2537 2671 riatur:
2557 2632 2623 2672 ex
2638 2611 2871 2672 archivis
2890 2623 2948 2672 et
2963 2631 3081 2671 non
3104 2632 3171 2671 ex
3194 2598 3528 2671 chartulario
3552 2611 3677 2672 Bel-

2325 2712 2615 2775 lilocensis
2644 2714 2897 2775 coenobii
2936 2735 3038 2775 seu
3074 2714 3222 2774 sorte
3251 2713 3675 2776 Lemovicensis

2326 2816 2577 2879 ecclesiae
2602 2826 2861 2897 'extracta
2897 2816 3137 2877 fortasse
3181 2816 3308 2877 fuit.
3344 2817 3678 2900 Insequitur

2326 2931 2597 2981 caeterum
2627 2922 2753 3003 ejus
2778 2920 3249 2980 commutationis
3276 2930 3461 2980 textus
3495 2945 3508 2978 ε

2411 3050 2431 3077 ι
2449 3021 2521 3084 G.
2552 3023 2661 3083 Dei
2684 3023 2867 3103 gratia
2887 3021 3320 3082 Lemovicensis
3345 3022 3671 3104 episcopus,

2326 3125 2740 3208 «praesentibus
2799 3136 2857 3185 et
2912 3123 3126 3184 futuris
3180 3123 3241 3183 in
3275 3121 3669 3206 'perpetuum.

2324 3253 2346 3282 ι
2364 3227 2660 3302 Quoniam
2681 3248 2811 3308 quae
2829 3226 2903 3287 ab
2924 3224 3266 3286 homiuibus
3290 3235 3428 3285 sunt
3442 3271 3455 3292 ,
3488 3224 3671 3284 nimia

2324 3357 2346 3384 ι
2364 3329 2455 3390 sui
2497 3340 2776 3390 vetustate
2822 3327 3092 3389 delentur
3138 3338 3197 3387 et
3242 3325 3520 3387 oblivioni
3565 3339 3674 3387 tra-

2323 3461 2344 3487 ι
2364 3432 2604 3502 duntur,
2624 3433 2835 3515 scripto
2860 3429 3398 3492 commendavimus
3422 3430 3673 3512 qualiter

2321 3563 2341 3589 ι
2363 3536 2427 3595 Ρ.
2450 3534 2628 3594 abbas
2647 3533 3045 3594 Bellilocensis
3061 3580 3073 3602 .
3100 3533 3400 3594 communi
3427 3531 3669 3592 consilio

2321 3664 2343 3693 ι
2361 3636 2623 3719 capituli,
2648 3634 2811 3697 dedit
2833 3611 3020 3705 nobis,
3048 3635 3330 3696 concessit
3354 3647 3412 3695 et
3447 3656 3670 3696 succes-

2321 3765 2343 3794 ·
2361 3740 2588 3800 soribus
2626 3739 2839 3799 nostris
2881 3739 2944 3798 in
2981 3748 3332 3821 perpetuum
3377 3736 3669 3819 possiden-

2319 3870 2340 3896 «
2359 3841 2494 3903 dam
2512 3891 2525 3914 ,
2548 3853 2764 3903 terram
2789 3841 2864 3902 de
2886 3840 3099 3903 Sallem
3115 3887 3128 3909 ,
3155 3862 3286 3922 quoe
3308 3840 3548 3921 antiquo
3567 3860 3667 3899 no-

2321 3972 2341 3999 ι
2358 3946 2519 4005 mine
2571 3944 2925 4006 Orbaciacus
2969 3943 3304 4012 vocabatur,
3358 3940 3582 4001 cultum
3612 3954 3669 4001 et

2317 4074 2339 4103 ι
2358 4047 2665 4116 incultum,
2685 4069 2823 4107 cum
2844 4047 3052 4114 vineis,
3070 4046 3266 4129 pratis,
3291 4045 3474 4127 aquis,
3492 4065 3665 4127 aqua-

2317 4177 2338 4205 ι
2358 4171 2562 4210 rumve
2625 4149 3000 4216 decursibus,
3060 4145 3443 4216 molendinis,
3504 4166 3666 4229 paxe—

2316 4280 2336 4307 =
2356 4249 2476 4322 dis,
2505 4263 2691 4312 totum
2724 4262 2782 4312 et
2822 4251 3139 4332 integrum.
3177 4249 3370 4323 Quam
3402 4247 3666 4308 videlicet

2318 4366 2570 4415 «terram
2609 4354 2937 4423 Frotarius,
2971 4351 3350 4413 Bituricensis
3391 4349 3664 4436 arcbiepi-

2318 4483 2339 4512 ι
2357 4479 2565 4542 scopus
2595 4458 2670 4519 de
2699 4456 2930 4518 Odome
2974 4454 3118 4538 [leq.
3171 4453 3411 4533 Odone]
3453 4453 3664 4514 comite

2317 4587 2337 4613 ι
2357 4561 2524 4629 emit,
2569 4572 2627 4620 et
2656 4557 3022 4621 Bellilocensi
3062 4555 3315 4617 ecclesias
3358 4554 3549 4624 dedit.
3599 4577 3664 4615 ac

2314 4688 2337 4716 ι
2354 4660 2617 4725 Gairulfo
2647 4660 2884 4722 tradidit
2910 4671 3194 4744 perpetuo
3230 4657 3659 4742 possidendam.

2313 4792 2335 4818 e
2353 4764 2546 4839 Quam
2568 4763 2942 4826 donationem
2974 4761 3226 4822 Karolus
3241 4807 3255 4829 ,
3287 4781 3388 4821 rex
3411 4760 3662 4820 Franco-

2315 4894 2336 4921 «
2355 4888 2506 4936 rum,
2531 4865 2814 4960 praedictae
2830 4864 3082 4927 ecclesiae
3100 4863 3409 4933 concessit,
3428 4862 3566 4945 quia
3587 4861 3662 4922 de

2314 4997 2336 5024 ι
2346 4971 2482 5053 jure
2503 4967 2658 5030 iilius
2678 4989 2803 5030 esse
2817 4967 3247 5030 dinoscebatur.
3271 4966 3387 5028 Nos
3402 4986 3540 5026 vero
3563 4964 3660 5025 de-
