4442 5769
1409 580 2038 655 MONASTERII
2102 582 2236 655 DE
2303 582 2932 658 BELLOLOCO.
3491 591 3587 663 25

758 779 1041 843 comes,
1094 777 1424 857 uxorque
1474 780 1639 829 mea
1678 751 2123 840 Garsi1idis⁴‚
2167 752 2604 830 assentiente
2644 751 2866 829 fratre
2914 770 3168 831 nostro
3207 753 3586 843 Airberto‚

757 880 1210 971 venditoreS,
1254 890 1576 958 constat-'²
1609 910 1748 960 nos
1779 882 1990 960 vobis
2016 883 2349 983 ‚vendere
2389 883 2486 959 ita
2530 900 2603 959 et
2639 880 3143 973 vendidimus,
3183 884 3475 961 tradere
3516 903 3593 962 et

757 1012 1226 1099 tradidimus,
1250 1040 1369 1088 res
1393 1012 1870 1117 proprietatis
1897 1029 2189 1102 nostrae,
2209 1041 2375 1118 quae
2406 1013 2680 1090 suntin
2702 1011 3050 1089 comitatu
3079 1014 3553 1092 Lemovicino
3570 1080 3586 1106 ,

759 1142 837 1217 in
879 1140 1143 1217 vicaria
1180 1141 1744 1230 Exandoneuse,
1790 1142 1934 1220 hoc
1984 1159 2094 1218 est
2126 1141 2295 1219 villa
2337 1171 2501 1248 quae
2541 1159 2844 1220 vocatur
2873 1142 3387 1233 Orbaciacusss,
3424 1173 3594 1221 cum

759 1272 1019 1360 vineis,
1064 1272 1281 1377 terris
1314 1287 1388 1347 et
1409 1272 1636 1377 pratis
1677 1290 1754 1349 et
1788 1273 2108 1379 pascuis,
2160 1271 2555 1363 farinariis,
2599 1272 2808 1378 aquis
2837 1300 3286 1377 aquarumve
3329 1275 3596 1351 decur-

760 1402 965 1478 sibus
1002 1429 1213 1478 secus
1250 1401 1561 1478 fluvium
1604 1403 1972 1492 Viseram,
2018 1401 2236 1479 cultis
2276 1420 2350 1478 et
2389 1401 2720 1489 incultis,
2756 1430 3043 1479 necnon
3088 1420 3162 1478 et
3207 1404 3595 1510 mancipiis

763 1531 1155 1637 utriusque
1194 1559 1409 1607 sexus
1440 1530 1763 1639 desuper
1801 1531 2480 1622 commanentibUS,
2525 1549 2601 1608 et
2640 1530 2990 1609 omnibus
3021 1531 3114 1607 ad
3155 1533 3232 1610 id
3263 1535 3440 1640 jure
3481 1563 3595 1610 as-

760 1660 1229 1768 picientibus,
1278 1660 1485 1738 vobis
1514 1662 1807 1768 publice
1845 1661 2234 1739 tradimus.
2269 1661 2479 1738 Unde
2512 1662 2930 1766 accepimus
2957 1691 2995 1737 a
3023 1660 3229 1739 vobis
3258 1663 3594 1788 preciugn

761 1792 839 1867 in
876 1818 1029 1897 quo
1061 1790 1279 1868 nobis
1316 1791 1510 1869 bene
1551 1792 2027 1898 complacuit,
2060 1792 2208 1869 hoc
2248 1809 2361 1868 est
2384 1792 2665 1897 argenti
2705 1818 2843 1868 xxx
2879 1791 3138 1881 libraS,
3178 1793 3384 1898 quod
3425 1823 3595 1899 pre-

764 1918 957 1997 cium
1000 1919 1095 1996 de
1148 1919 1487 1997 manibus
1525 1922 1782 1998 vestris
1829 1921 1908 1998 in
1957 1919 2305 1999 manibus
2345 1920 2616 1999 nostris
2658 1920 3131 2025 percepimus
3172 1938 3247 1997 et
3284 1921 3596 2001 fecimus

764 2079 848 2126 ex
880 2051 1042 2155 ipso
1082 2050 1288 2155 quod
1313 2051 1702 2127 voluimus.
1738 2052 1862 2128 Sic
1886 2067 2376 2128 memoratam
2405 2049 2690 2138 villam,
2730 2078 2899 2125 cum
2937 2050 3281 2131 omnibus
3310 2052 3405 2128 ad
3433 2082 3594 2162 eam

764 2179 1344 2287 pertinentibus,
1386 2209 1556 2256 cum
1602 2180 2033 2286 plenissima
2077 2180 2530 2286 integritate,
2572 2179 2783 2257 vobis
2822 2180 3118 2286 publice
3166 2181 3590 2267 vendimus,

762 2309 1126 2388 tradimus
1139 2327 1363 2415 atque
1378 2309 1998 2402 transfundimus),
2033 2327 2118 2387 ut
2138 2309 2415 2387 faciatis
2431 2309 2792 2416 quicquid
2815 2307 3227 2400 volueritiS,
3260 2311 3592 2398 tenendi,

768 2439 1031 2527 dandi,
1076 2441 1447 2517 vendendi
1498 2457 1721 2547 atque
1768 2441 2309 2531 commutandi,
2358 2439 2530 2546 jure
2572 2439 2909 2545 proprio,
2957 2441 3257 2517 nemine
3309 2457 3599 2517 contra-

768 2570 1083 2648 dicente.
1107 2571 1185 2648 Si
1209 2572 1377 2676 quis
1402 2599 1609 2662 vern,
1634 2571 1841 2678 quod
1869 2588 2266 2649 venturum
2308 2597 2465 2647 esse
2506 2597 2658 2646 non
2698 2569 3102 2659 credimus,
3148 2570 3206 2646 si
3249 2599 3383 2647 nos
3421 2572 3594 2676 ipsi,

768 2717 897 2779 aut
930 2700 1129 2778 ullus
1162 2700 1253 2777 de
1285 2701 1557 2779 nostris
1585 2700 1993 2779 heredibus
2012 2761 2030 2791 ‚
2076 2730 2209 2778 seu
2241 2699 2596 2807 quaelibet
2624 2698 2775 2777 ulla
2806 2700 3224 2778 intermissa
3253 2729 3593 2808 persona,

768 2861 930 2940 quae
962 2848 1215 2910 contra
1239 2830 1430 2909 hanc
1458 2832 1964 2910 venditionem
1996 2832 2248 2911 venire
2280 2848 2410 2909 aut
2437 2859 2601 2909 eam
2629 2828 2992 2937 refragare
3022 2834 3596 2938 praesumpserit,

768 2961 975 3068 quod
1023 2962 1209 3068 petit
1264 2990 1416 3039 non
1462 2961 1833 3051 vendicet,
1895 2961 2030 3039 sed
2078 2963 2384 3066 insuper
2434 2961 2555 3036 cui
2613 2959 2820 3036 litem
2879 2959 3215 3037 intulerit
3291 2963 3449 3038 auri
3513 2962 3603 3039 li-

766 3092 937 3169 bras
957 3120 1027 3180 x,
1049 3091 1323 3199 argenti
1354 3091 1577 3168 libras
1604 3118 1726 3181 xx,
1756 3107 2054 3196 coactus
2076 3107 2498 3194 componat,
2530 3106 2607 3166 et
2631 3115 2948 3195 praesens
2975 3089 3305 3167 venditio
3331 3093 3600 3169 nostris

767 3220 881 3297 vel
917 3221 1293 3300 bonorum
1340 3220 1736 3297 hominum
1792 3218 2130 3295 manibus
2185 3218 2532 3296 roborata
2592 3245 2675 3293 ac
2725 3214 3200 3322 stipulatione
3254 3219 3598 3310 subnixa,

770 3353 972 3427 omni
1011 3369 1349 3456 tempore
1388 3365 1683 3425 maneat
1720 3347 2167 3425 inconvulsa.
2212 3349 2289 3425 S.
2330 3347 2674 3427 Oddonis
2713 3348 3006 3425 comitis
3045 3367 3122 3426 et
3155 3352 3402 3428 uxoris
3444 3351 3600 3459 ejus

769 3479 1179 3569 GarsindiS,
1203 3481 1329 3585 qui
1370 3480 1558 3555 hanc
1586 3479 2092 3557 venditionem
2130 3476 2294 3554 fieri
2328 3495 2403 3554 et
2431 3475 2802 3554 adfirmari
2843 3498 3306 3586 rogaverunt.
3337 3482 3411 3559 S.
3438 3480 3603 3558 Air-

768 3608 992 3697 berti,
1021 3606 1267 3685 fratris
1293 3609 1478 3715 ejus,
1501 3609 1628 3717 qui
1657 3609 1803 3686 hoc
1821 3608 2258 3685 adfirmavit.
2291 3610 2364 3686 S.
2388 3607 2675 3686 Garsis⁷
2700 3609 2948 3714 script.
2973 3611 3282 3688 comitis.
3309 3612 3384 3689 S.
3408 3610 3602 3692 Wil-

771 3736 1017 3813 lelmi⁸
1057 3738 1370 3815 comitis,
1415 3740 1491 3817 S.
1533 3737 2015 3846 Ragamfridi,
2061 3735 2494 3826 Ramnulfi⁹‚
2521 3735 2921 3814 Amaluini.

859 4032 877 4065 ⁴
926 4034 1242 4096 Cam-sinclis
1262 4034 1375 4097 SG.
2261 4034 2642 4097 hereditarius
2700 4037 3091 4099 Arvernorum
3155 4049 3210 4097 et
3280 4037 3602 4096 Bituricen·

859 4137 877 4166 ⁵
924 4137 1191 4198 Constat..
1220 4184 1232 4196 .
1260 4181 1277 4196 .
1313 4135 1522 4199 tradem
1540 4151 1594 4197 et
1621 4138 1833 4198 desunt
1859 4136 1971 4200 SG.
2261 4140 2442 4207 sium,
2481 4137 2600 4198 dux
2638 4139 3061 4221 Aquitanorum
3094 4150 3151 4199 et
3191 4134 3451 4198 marchio
3484 4135 3603 4199 Go-

856 4239 875 4267 ⁶
925 4238 1251 4300 Orbatiacas
1274 4240 1339 4299 B.
1368 4251 1425 4299 et
1446 4237 1558 4301 SG.
2259 4238 2392 4300 thiae
2413 4287 2427 4311 ,
2458 4239 2757 4300 Bernardo
2809 4240 2913 4309 111,
2963 4241 3111 4323 patri
3152 4261 3287 4306 suo,
3334 4239 3605 4300 successit

858 4337 878 4369 ⁷
925 4340 1107 4401 Gasiae
1124 4338 1228 4400 Ch.
1454 4367 1458 4371 Α
2259 4342 2453 4403 medio
2483 4363 2637 4402 anno
2665 4340 2808 4404 886.

859 4439 878 4471 ⁸
929 4441 1159 4503 Wellini
1205 4453 1474 4524 corrupte
1517 4442 1585 4501 B.
1635 4441 1744 4500 Hic
1781 4440 2109 4503 Willelmus
2348 4442 2367 4473 ⁹
2412 4443 2698 4526 Ruinafits
2727 4441 2838 4502 SG.

774 4542 995 4624 primus
1023 4545 1279 4613 nomine,
1303 4554 1690 4626 cognomento
1721 4543 1885 4612 Pius,
1917 4564 2109 4604 comes
