4442 5769
1311 634 1316 647 ’
1434 626 2079 701 MONASTERII
2142 626 2276 699 DE
2350 625 2993 700 BELLOLOCO.
3486 625 3618 699 llil

776 799 855 875 in
890 796 1161 876 Christi
1201 796 1542 887 nomine,
1574 798 1634 873 F
1634 796 1952 875 rotarius
1990 815 2064 873 et
2097 824 2285 875 uxor
2326 822 2491 872 mea
2521 794 2953 885 Godlindis‚
2989 796 3496 873 consentiente
3537 795 3630 872 fi-

777 928 879 1007 lio
914 957 1089 1007 meo
1121 927 1623 1018 Gualmand0‚
1653 928 1993 1006 cedimus
2021 956 2141 1005 res
2171 927 2648 1035 proprietatis
2676 942 2945 1004 nostrae
2973 926 3068 1002 ad
3095 927 3631 1005 monasterium

776 1059 983 1167 quod
1024 1075 1330 1137 vocatur
1366 1057 1862 1148 Belluslocus‚
1900 1058 1978 1136 in
2018 1059 2388 1138 honorem
2420 1057 2774 1135 videlicet
2809 1057 2884 1135 S.
2918 1056 3115 1134 Petri
3150 1072 3235 1134 'et
3265 1060 3341 1136 S.
3369 1061 3427 1135 F
3432 1058 3633 1136 elici-

773 1192 946 1269 tatis
985 1190 1455 1298 aliorumque
1488 1207 1946 1280 sanctorum,
1983 1189 2117 1268 ubi
2151 1191 2261 1267 vir
2290 1188 2734 1267 venerabilis
2767 1187 3157 1267 Rainulfus
3192 1188 3418 1267 abbas
3450 1218 3632 1297 prse-

776 1350 934 1401 esse
972 1321 1322 1401 videtur:
1359 1322 1656 1401 honest
1692 1350 1989 1400 mansos
2027 1339 2319 1400 nostros
2359 1322 2487 1428 qui
2530 1338 2702 1398 sunt
2741 1321 2817 1397 in
2859 1319 3044 1398 orbe
3084 1321 3625 1410 Lemovicino¹‚

772 1453 851 1529 in
870 1454 1137 1532 vicaria
1158 1453 1622 1534 Vertedense
1639 1514 1657 1543 ‚
1683 1454 1766 1531 in
1787 1452 1958 1532 villa
1985 1481 2152 1561 quae
2175 1469 2481 1530 vocatur
2505 1452 2815 1530 Biarcis:
2844 1479 3179 1529 mansum
3211 1451 3342 1530 ubi
3372 1451 3634 1530 Ebrar-

774 1581 916 1661 dus
944 1585 1141 1663 visus
1183 1602 1292 1664 est
1328 1614 1670 1677 manere,
1703 1601 1777 1664 et
1806 1583 2039 1662 alium
2077 1610 2423 1662 mansum
2448 1582 2596 1660 'ubi
2631 1581 3059 1689 Stephanus
3086 1583 3287 1660 visus
3325 1599 3440 1660 est
3476 1613 3629 1662 ma-

773 1742 986 1806 nere,
1032 1732 1108 1794 et
1154 1716 1388 1797 alium
1436 1743 1782 1794 mansum
1827 1714 1960 1794 ubi
2009 1715 2218 1793 Rado
2258 1715 2458 1791 visus
2486 1731 2622 1792 'est
2668 1742 2994 1791 manere.
3044 1714 3249 1821 Ipsos
3292 1743 3624 1804 manSOS,

773 1875 943 1924 cum
978 1847 1196 1926 terris
1233 1847 1454 1955 cultis
1494 1863 1572 1926 et
1602 1846 1938 1934 incultis,
1982 1845 2245 1953 pratis,
2281 1845 2510 1935 silvis,
2554 1844 3041 1935 molendinis,
3084 1845 3351 1938 vineiS‚
3395 1848 3629 1955 pisca-

770 1977 1014 2068 toriis,
1065 1979 1393 2087 pascuis,
1436 1976 1906 2086 adjacentiis;
1960 1979 2206 2056 omnia
2262 1993 2338 2054 et
2386 2005 2474 2054 ex
2525 1975 2882 2054 omnibus
2933 1956 3624 2086 quantumcumque

771 2108 867 2186 ad
903 2109 1103 2216 ipsos
1143 2138 1440 2189 mansos
1478 2108 1742 2217 aspicit
1777 2127 1907 2186 aut
1935 2107 2272 2216 aspicere
2314 2107 2632 2197 videtur,
2672 2124 2921 2185 totum
2963 2126 3040 2185 et
3076 2108 3173 2186 ad
3208 2109 3584 2218 integrum
3605 2173 3621 2201 ‚

772 2259 1133 2348 quantum
1173 2239 1277 2319 ibi
1317 2269 1457 2322 nos
1486 2242 1621 2320 visi
1654 2268 1913 2318 sumus
1952 2239 2232 2318 habere
2270 2238 2386 2317 vel
2425 2238 2844 2346 possidere,
2878 2238 3044 2317 Deo
3080 2238 3424 2319 salvatori
3466 2270 3625 2320 om-

771 2371 980 2450 nium
1020 2389 1095 2451 et
1127 2374 1202 2453 S.
1245 2373 1464 2452 Petro
1506 2372 1922 2464 offerimus,
1965 2372 2048 2451 in
2086 2370 2484 2479 stipendiis
2520 2388 2597 2448 et
2633 2369 2892 2449 usibus
2930 2371 3503 2461 monachorum,
3539 2394 3625 2453 ut

769 2502 1038 2582 faciant
1075 2520 1229 2583 tam
1268 2505 1409 2612 ipsi
1450 2532 1677 2612 quam
1718 2531 2181 2582 successores
2226 2532 2491 2581 eorum
2532 2502 2609 2579 in
2644 2502 2973 2580 venturis
3012 2504 3622 2611 generationibus

768 2634 1146 2743 quidquid
1198 2634 1580 2744 elegerint.
1624 2636 1856 2725 Sane,
1897 2634 2108 2744 quod
2153 2635 2472 2712 minime
2521 2633 2931 2727 credimus,
2976 2634 3037 2710 si
3078 2662 3215 2713 nos
3255 2635 3431 2742 ipsi,
3481 2637 3624 2715 im-

767 2783 1047 2844 mutata
1097 2767 1474 2846 voiuntate
1532 2774 1818 2857 nostra,
1874 2784 2002 2845 aut
2056 2765 2265 2845 ullus
2321 2766 2417 2847 de
2470 2765 2885 2845 heredibus
2934 2767 3241 2855 nostris,
3298 2766 3417 2845 vel
3466 2767 3621 2849 ulla

766 2897 1096 2977 immissa
1123 2927 1469 3007 persona,
1505 2928 1670 3007 quae
1710 2916 1965 2977 contra
2005 2899 2419 2978 cessionem
2448 2898 2665 2975 istam
2701 2898 2812 2975 ire
2843 2915 2974 2975 aut
3002 2898 3418 3006 inquietare
3445 2929 3625 3007 prae-

767 3031 1197 3139 sumpserit,
1241 3030 1585 3139 inprimis
1625 3030 1814 3107 iram
1850 3029 1990 3107 Dei
2038 3028 2583 3135 omnipotentis
2616 3029 2943 3107 incurrat
2983 3045 3058 3106 et
3097 3030 3172 3107 S.
3196 3029 3447 3120 Petri,
3493 3032 3621 3110 de-

767 3160 942 3240 inde
982 3151 1383 3269 componat
1421 3163 1538 3239 cui
1578 3162 1788 3239 litem
1817 3158 2192 3248 intulerit,
2226 3160 2554 3238 sociante
2580 3157 2762 3237 fisco
2791 3159 2952 3237 auri
2989 3159 3218 3238 libras
3247 3162 3579 3270 quinque
3598 3225 3615 3253 ‚

766 3294 1049 3402 argenti
1098 3295 1437 3401 pondera
1484 3292 1893 3371 duodecim
1941 3307 2241 3370 coactus
2281 3290 2632 3382 exsolvat,
2679 3308 2753 3368 et
2789 3290 3001 3399 quod
3037 3292 3230 3400 petit
3267 3318 3422 3370 non
3460 3295 3619 3371 vin-

767 3423 1001 3516 dicet3
1056 3425 1191 3502 sed
1231 3451 1561 3532 praesens
1606 3424 1843 3502 cessio
1892 3423 2029 3501 ista
2077 3421 2298 3500 firma
2349 3439 2425 3499 et
2465 3422 2749 3501 stabilis
2796 3440 3230 3534 permaneat
3271 3453 3444 3501 curn
3490 3427 3620 3505 sti-

762 3555 1148 3663 pulatione
1196 3554 1531 3635 subnixa.
1583 3558 1801 3632 Facta
1846 3570 1961 3633 est
2001 3553 2238 3632 cessio
2290 3553 2429 3632 ista
2477 3553 2555 3630 in
2603 3575 2859 3632 mense
2910 3554 3199 3645 madio,
3252 3583 3446 3633 anno
3492 3583 3615 3634 vm

760 3704 1119 3795 regnante
1142 3685 1462 3766 Oddone
1491 3714 1692 3794 rege.
1718 3687 1793 3764 S.
1821 3685 2161 3763 Frotarii.
2179 3683 2265 3763 S.
2289 3684 2728 3764 Godiinde2.
2755 3686 2830 3765 S.
2856 3684 3251 3765 Galmandi
3269 3748 3288 3778 ‚
3312 3688 3440 3794 qui
3464 3716 3620 3765 ces-

764 3819 972 3896 sione
999 3818 1132 3895 ista
1153 3815 1319 3895 fieri
1338 3816 1455 3896 vel
1476 3815 1872 3895 adfirmare
1897 3834 2368 3926 rogaverunt.
2396 3816 2472 3895 S.
2496 3815 2851 3894 Alinardi.
2878 3817 2956 3895 S.
2979 3817 3348 3895 Teodoni.
3373 3818 3449 3897 S.
3479 3817 3613 3895 An·

765 3949 1027 4026 draldi.
1076 3951 1151 4030 S.
1188 3948 1552 4031 Guarulfi.
1591 3950 1669 4029 S.
1710 3948 2070 4028 Rotberti.
2116 3949 2191 4026 S.
2234 3946 2661 4026 Cunaberti.
2704 3947 2791 4026 S.
2823 3946 3214 4056 Adalgarii.
3259 3949 3335 4028 S.
3366 3950 3612 4026 Jonas.

764 4080 840 4159 S.
886 4082 1286 4189 Aganoni³.
1326 4082 1403 4164 S.
1446 4080 1762 4190 Rigaldi.
1805 4081 1881 4160 S.
1926 4079 2328 4188 Austorgii.
2375 4081 2454 4159 S.
2483 4078 2912 4159 Trotrandi.
2954 4080 3027 4159 S.
3074 4078 3419 4159 Aladardi
3437 4083 3485 4155 ⁴.
3704 4067 3705 4070 ¹

849 4396 863 4426 ¹
910 4394 1252 4458 Lemovicum
1279 4396 1444 4458 abest
1462 4395 1527 4458 C.
1857 4455 1866 4462 ,
2350 4395 2371 4424 ³
2418 4393 2693 4478 Aqamoni
2734 4394 2803 4456 B.

845 4498 866 4529 ³
914 4496 1198 4562 Goldindis
1224 4499 1291 4561 B.
2352 4495 2372 4532 ⁴
2416 4494 2619 4559 mardi
2644 4497 2714 4559 B.
